<?xml version="1.0" encoding="UTF-8"?>
<!DOCTYPE html PUBLIC "-//W3C//DTD XHTML 1.0 Transitional//EN"
    "http://www.w3.org/TR/xhtml1/DTD/xhtml1-transitional.dtd">
<html xmlns="http://www.w3.org/1999/xhtml" xml:lang="en" lang="en">
 <head>
  <title>
</title>
<meta http-equiv="Content-Type" content="text/html;charset=utf-8" />
  <meta name='ocr-system' content='tesseract 3.04.00' />
  <meta name='ocr-capabilities' content='ocr_page ocr_carea ocr_par ocr_line ocrx_word'/>
</head>
<body>
  <div class='ocr_page' id='page_1' title='image "./denominehomeric00curtgoog_0017.png"; bbox 0 0 2916 4980; ppageno 0'>
   <div class='ocr_carea' id='block_1_1' title="bbox 723 371 768 442">
    <p class='ocr_par' dir='ltr' id='par_1_1' title="bbox 723 371 768 442">
     <span class='ocr_line' id='line_1_1' title="bbox 723 371 768 442; baseline -0.022 0"><span class='ocrx_word' id='word_1_1' title='bbox 723 371 768 442; x_wconf 79' lang='lat'>12</span> 
     </span>
    </p>
   </div>
   <div class='ocr_carea' id='block_1_2' title="bbox 216 597 1267 1722">
    <p class='ocr_par' dir='ltr' id='par_1_2' title="bbox 216 597 1267 1722">
     <span class='ocr_line' id='line_1_2' title="bbox 221 597 1267 707; baseline 0.005 -38"><span class='ocrx_word' id='word_1_2' title='bbox 221 608 372 670; x_wconf 87' lang='lat' dir='ltr'>artu-s</span> <span class='ocrx_word' id='word_1_3' title='bbox 398 599 460 670; x_wconf 85' lang='lat' dir='ltr'>vel</span> <span class='ocrx_word' id='word_1_4' title='bbox 487 598 732 689; x_wconf 76' lang='lat' dir='ltr'>articuluS,</span> <span class='ocrx_word' id='word_1_5' title='bbox 760 599 893 695; x_wconf 89' lang='lat' dir='ltr'>quibus</span> <span class='ocrx_word' id='word_1_6' title='bbox 919 597 1130 707; x_wconf 54' lang='grc' dir='ltr'>ἄρθρων</span> <span class='ocrx_word' id='word_1_7' title='bbox 1157 601 1267 674; x_wconf 88' lang='lat' dir='ltr'>simil·</span> 
     </span>
     <span class='ocr_line' id='line_1_3' title="bbox 218 742 1267 843; baseline 0.005 -29"><span class='ocrx_word' id='word_1_8' title='bbox 218 743 348 817; x_wconf 88' lang='lat' dir='ltr'>limum</span> <span class='ocrx_word' id='word_1_9' title='bbox 378 757 444 822; x_wconf 86' lang='lat' dir='ltr'>cst.</span> <span class='ocrx_word' id='word_1_10' title='bbox 497 742 575 817; x_wconf 86' lang='lat' dir='ltr'>Nec</span> <span class='ocrx_word' id='word_1_11' title='bbox 601 745 716 843; x_wconf 84' lang='lat' dir='ltr'>longo</span> <span class='ocrx_word' id='word_1_12' title='bbox 744 744 942 817; x_wconf 86' lang='lat' dir='ltr'>intervallo</span> <span class='ocrx_word' id='word_1_13' title='bbox 970 746 1016 818; x_wconf 90' lang='lat' dir='ltr'>ab</span> <span class='ocrx_word' id='word_1_14' title='bbox 1044 746 1103 818; x_wconf 89' lang='lat' dir='ltr'>his</span> <span class='ocrx_word' id='word_1_15' title='bbox 1129 747 1267 821; x_wconf 88' lang='lat' dir='ltr'>distare</span> 
     </span>
     <span class='ocr_line' id='line_1_4' title="bbox 217 889 1266 990; baseline 0.006 -30"><span class='ocrx_word' id='word_1_16' title='bbox 217 890 373 964; x_wconf 88' lang='lat' dir='ltr'>latinum</span> <span class='ocrx_word' id='word_1_17' title='bbox 397 917 605 983; x_wconf 60' lang='lat' dir='ltr'>armna,</span> <span class='ocrx_word' id='word_1_18' title='bbox 634 889 844 964; x_wconf 87' lang='lat' dir='ltr'>Gothorum</span> <span class='ocrx_word' id='word_1_19' title='bbox 867 917 1006 966; x_wconf 86' lang='lat' dir='ltr'>arm-s</span> <span class='ocrx_word' id='word_1_20' title='bbox 1028 891 1266 990; x_wconf 83' lang='lat' dir='ltr'><strong>(brachium),</strong></span> 
     </span>
     <span class='ocr_line' id='line_1_5' title="bbox 218 1035 1266 1134; baseline 0.005 -26"><span class='ocrx_word' id='word_1_21' title='bbox 218 1035 385 1112; x_wconf 72' lang='lat' dir='ltr'>lacobus</span> <span class='ocrx_word' id='word_1_22' title='bbox 418 1035 621 1111; x_wconf 87' lang='lat' dir='ltr'>Grimmius</span> <span class='ocrx_word' id='word_1_23' title='bbox 654 1036 781 1110; x_wconf 90' lang='lat' dir='ltr'>docuit</span> <span class='ocrx_word' id='word_1_24' title='bbox 812 1038 850 1110; x_wconf 91' lang='lat' dir='ltr'>in</span> <span class='ocrx_word' id='word_1_25' title='bbox 882 1038 1023 1124; x_wconf 82' lang='lat' dir='ltr'>lexico,</span> <span class='ocrx_word' id='word_1_26' title='bbox 1057 1055 1129 1134; x_wconf 86' lang='lat' dir='ltr'>quo</span> <span class='ocrx_word' id='word_1_27' title='bbox 1155 1039 1266 1114; x_wconf 92' lang='lat' dir='ltr'>nobis</span> 
     </span>
     <span class='ocr_line' id='line_1_6' title="bbox 217 1182 1265 1281; baseline 0.002 -25"><span class='ocrx_word' id='word_1_28' title='bbox 217 1182 328 1278; x_wconf 89' lang='lat' dir='ltr'>patrii</span> <span class='ocrx_word' id='word_1_29' title='bbox 355 1183 539 1258; x_wconf 86' lang='lat' dir='ltr'>sermonis</span> <span class='ocrx_word' id='word_1_30' title='bbox 560 1183 772 1258; x_wconf 82' lang='lat' dir='ltr'>ubertatem</span> <span class='ocrx_word' id='word_1_31' title='bbox 795 1185 960 1281; x_wconf 82' lang='lat' dir='ltr'>exponit.</span> <span class='ocrx_word' id='word_1_32' title='bbox 999 1184 1048 1258; x_wconf 88' lang='lat' dir='ltr'>Et</span> <span class='ocrx_word' id='word_1_33' title='bbox 1066 1185 1265 1260; x_wconf 86' lang='lat' dir='ltr'>verisimile</span> 
     </span>
     <span class='ocr_line' id='line_1_7' title="bbox 218 1330 1267 1429; baseline 0.006 -29"><span class='ocrx_word' id='word_1_34' title='bbox 218 1339 274 1402; x_wconf 84' lang='lat' dir='ltr'>cst</span> <span class='ocrx_word' id='word_1_35' title='bbox 301 1354 405 1401; x_wconf 90' lang='lat' dir='ltr'>arma</span> <span class='ocrx_word' id='word_1_36' title='bbox 430 1330 580 1427; x_wconf 84' lang='lat' dir='ltr'>proprie</span> <span class='ocrx_word' id='word_1_37' title='bbox 607 1330 777 1402; x_wconf 86' lang='lat' dir='ltr'>membra</span> <span class='ocrx_word' id='word_1_38' title='bbox 809 1330 966 1424; x_wconf 87' lang='lat' dir='ltr'>loricae,</span> <span class='ocrx_word' id='word_1_39' title='bbox 1000 1332 1149 1429; x_wconf 84' lang='lat' dir='ltr'>corpori</span> <span class='ocrx_word' id='word_1_40' title='bbox 1180 1343 1267 1429; x_wconf 85' lang='lat' dir='ltr'>apta</span> 
     </span>
     <span class='ocr_line' id='line_1_8' title="bbox 217 1476 1264 1587; baseline 0 -35"><span class='ocrx_word' id='word_1_41' title='bbox 217 1477 422 1584; x_wconf 68' lang='grc' dir='ltr'>(ἀρηρότα),</span> <span class='ocrx_word' id='word_1_42' title='bbox 463 1476 562 1550; x_wconf 86' lang='lat' dir='ltr'>dicta</span> <span class='ocrx_word' id='word_1_43' title='bbox 589 1503 681 1550; x_wconf 87' lang='lat' dir='ltr'>esse.</span> <span class='ocrx_word' id='word_1_44' title='bbox 742 1476 834 1550; x_wconf 89' lang='lat' dir='ltr'>Cum</span> <span class='ocrx_word' id='word_1_45' title='bbox 863 1503 998 1576; x_wconf 84' lang='lat' dir='ltr'>gracco</span> <span class='ocrx_word' id='word_1_46' title='bbox 1025 1477 1101 1587; x_wconf 74' lang='grc' dir='ltr'>ἄρτι</span> <span class='ocrx_word' id='word_1_47' title='bbox 1129 1491 1264 1572; x_wconf 87' lang='lat' dir='ltr'>autem,</span> 
     </span>
     <span class='ocr_line' id='line_1_9' title="bbox 216 1623 1265 1722; baseline 0 -24"><span class='ocrx_word' id='word_1_48' title='bbox 216 1625 316 1721; x_wconf 90' lang='lat' dir='ltr'>quod</span> <span class='ocrx_word' id='word_1_49' title='bbox 344 1625 512 1722; x_wconf 87' lang='lat' dir='ltr'>ejusdcm</span> <span class='ocrx_word' id='word_1_50' title='bbox 539 1623 664 1721; x_wconf 81' lang='lat' dir='ltr'>stirpis</span> <span class='ocrx_word' id='word_1_51' title='bbox 693 1635 760 1716; x_wconf 86' lang='lat' dir='ltr'>cst,</span> <span class='ocrx_word' id='word_1_52' title='bbox 790 1636 1027 1722; x_wconf 87' lang='lat' dir='ltr'>comparatur</span> <span class='ocrx_word' id='word_1_53' title='bbox 1047 1625 1265 1700; x_wconf 86' lang='lat' dir='ltr'>lituanicum</span> 
     </span>
    </p>
   </div>
   <div class='ocr_carea' id='block_1_3' title="bbox 216 1771 1264 1870">
    <p class='ocr_par' dir='ltr' id='par_1_3' title="bbox 216 1771 1264 1870">
     <span class='ocr_line' id='line_1_10' title="bbox 216 1771 1264 1870; baseline 0 -24"><span class='ocrx_word' id='word_1_54' title='bbox 216 1773 306 1848; x_wconf 89' lang='lat' dir='ltr'>arti</span> <span class='ocrx_word' id='word_1_55' title='bbox 332 1797 468 1870; x_wconf 87' lang='lat' dir='ltr'>prope,</span> <span class='ocrx_word' id='word_1_56' title='bbox 505 1771 721 1844; x_wconf 86' lang='lat' dir='ltr'>artima-s</span> <span class='ocrx_word' id='word_1_57' title='bbox 748 1771 997 1869; x_wconf 88' lang='lat' dir='ltr'>propinquus,</span> <span class='ocrx_word' id='word_1_58' title='bbox 1033 1774 1164 1870; x_wconf 88' lang='lat' dir='ltr'>quibus</span> <span class='ocrx_word' id='word_1_59' title='bbox 1191 1775 1264 1846; x_wconf 88' lang='lat' dir='ltr'>for·</span> 
     </span>
    </p>
   </div>
   <div class='ocr_carea' id='block_1_4' title="bbox 215 1918 1265 2019">
    <p class='ocr_par' dir='ltr' id='par_1_4' title="bbox 215 1918 1265 2019">
     <span class='ocr_line' id='line_1_11' title="bbox 215 1918 1265 2019; baseline 0 -26"><span class='ocrx_word' id='word_1_60' title='bbox 215 1933 315 1994; x_wconf 85' lang='lat' dir='ltr'>tasse</span> <span class='ocrx_word' id='word_1_61' title='bbox 354 1921 512 1994; x_wconf 88' lang='lat' dir='ltr'>latinum</span> <span class='ocrx_word' id='word_1_62' title='bbox 553 1930 706 1993; x_wconf 87' lang='lat' dir='ltr'>artu-s</span> <span class='ocrx_word' id='word_1_63' title='bbox 742 1918 904 2009; x_wconf 87' lang='lat' dir='ltr'>accedit3</span> <span class='ocrx_word' id='word_1_64' title='bbox 943 1945 1031 1992; x_wconf 87' lang='lat' dir='ltr'>nam</span> <span class='ocrx_word' id='word_1_65' title='bbox 1064 1945 1265 2019; x_wconf 83' lang='lat' dir='ltr'>compages</span> 
     </span>
    </p>
   </div>
   <div class='ocr_carea' id='block_1_5' title="bbox 213 2059 1267 3929">
    <p class='ocr_par' dir='ltr' id='par_1_5' title="bbox 213 2059 1267 3929">
     <span class='ocr_line' id='line_1_12' title="bbox 216 2059 1266 2172; baseline -0.002 -30"><span class='ocrx_word' id='word_1_66' title='bbox 216 2078 296 2142; x_wconf 87' lang='lat' dir='ltr'>arta</span> <span class='ocrx_word' id='word_1_67' title='bbox 317 2066 436 2165; x_wconf 84' lang='lat' dir='ltr'>(Virg.</span> <span class='ocrx_word' id='word_1_68' title='bbox 451 2065 545 2140; x_wconf 83' lang='lat' dir='ltr'>Aen.</span> <span class='ocrx_word' id='word_1_69' title='bbox 560 2065 588 2157; x_wconf 95' lang='grc' dir='ltr'>Ι,</span> <span class='ocrx_word' id='word_1_70' title='bbox 610 2067 699 2163; x_wconf 76' lang='lat'>294)</span> <span class='ocrx_word' id='word_1_71' title='bbox 723 2077 780 2140; x_wconf 84' lang='lat' dir='ltr'>est</span> <span class='ocrx_word' id='word_1_72' title='bbox 802 2059 837 2141; x_wconf 78' lang='grc' dir='ltr'>εὗ</span> <span class='ocrx_word' id='word_1_73' title='bbox 861 2069 1014 2172; x_wconf 61' lang='grc' dir='ltr'>ἀραρυῖα.</span> <span class='ocrx_word' id='word_1_74' title='bbox 1049 2065 1134 2140; x_wconf 86' lang='lat' dir='ltr'>Fuit</span> <span class='ocrx_word' id='word_1_75' title='bbox 1154 2067 1266 2166; x_wconf 84' lang='lat' dir='ltr'>igitur</span> 
     </span>
     <span class='ocr_line' id='line_1_13' title="bbox 217 2211 1264 2320; baseline -0.001 -33"><span class='ocrx_word' id='word_1_76' title='bbox 217 2213 295 2288; x_wconf 91' lang='lat' dir='ltr'>sine</span> <span class='ocrx_word' id='word_1_77' title='bbox 324 2212 438 2286; x_wconf 91' lang='lat' dir='ltr'>dubio</span> <span class='ocrx_word' id='word_1_78' title='bbox 466 2212 642 2310; x_wconf 88' lang='lat' dir='ltr'>primaria</span> <span class='ocrx_word' id='word_1_79' title='bbox 667 2211 802 2286; x_wconf 83' lang='lat' dir='ltr'>radicis</span> <span class='ocrx_word' id='word_1_80' title='bbox 829 2216 872 2320; x_wconf 71' lang='grc' dir='ltr'>ἄρ</span> <span class='ocrx_word' id='word_1_81' title='bbox 898 2212 1002 2286; x_wconf 91' lang='lat' dir='ltr'>notio</span> <span class='ocrx_word' id='word_1_82' title='bbox 1031 2223 1158 2309; x_wconf 86' lang='lat' dir='ltr'>aptum</span> <span class='ocrx_word' id='word_1_83' title='bbox 1183 2239 1264 2286; x_wconf 86' lang='lat' dir='ltr'>esse</span> 
     </span>
     <span class='ocr_line' id='line_1_14' title="bbox 217 2357 1265 2459; baseline 0.002 -27"><span class='ocrx_word' id='word_1_84' title='bbox 217 2359 308 2454; x_wconf 75' lang='lat' dir='ltr'>(siclt</span> <span class='ocrx_word' id='word_1_85' title='bbox 323 2360 485 2458; x_wconf 71' lang='lat' dir='ltr'>saepen).</span> <span class='ocrx_word' id='word_1_86' title='bbox 531 2357 587 2432; x_wconf 85' lang='lat' dir='ltr'>Ea</span> <span class='ocrx_word' id='word_1_87' title='bbox 606 2368 730 2432; x_wconf 84' lang='lat' dir='ltr'>autam</span> <span class='ocrx_word' id='word_1_88' title='bbox 758 2360 926 2456; x_wconf 80' lang='lat' dir='ltr'>praefixo</span> <span class='ocrx_word' id='word_1_89' title='bbox 957 2358 1103 2459; x_wconf 85' lang='lat' dir='ltr'>syllaba</span> <span class='ocrx_word' id='word_1_90' title='bbox 1125 2362 1188 2458; x_wconf 71' lang='grc' dir='ltr'>ὁμο</span> <span class='ocrx_word' id='word_1_91' title='bbox 1213 2360 1265 2434; x_wconf 88' lang='lat' dir='ltr'>ita</span> 
     </span>
     <span class='ocr_line' id='line_1_15' title="bbox 216 2505 1262 2603; baseline 0.002 -25"><span class='ocrx_word' id='word_1_92' title='bbox 216 2507 294 2578; x_wconf 87' lang='lat' dir='ltr'>fere</span> <span class='ocrx_word' id='word_1_93' title='bbox 313 2516 479 2603; x_wconf 82' lang='lat' dir='ltr'>augetur,</span> <span class='ocrx_word' id='word_1_94' title='bbox 500 2515 542 2578; x_wconf 91' lang='lat' dir='ltr'>ut</span> <span class='ocrx_word' id='word_1_95' title='bbox 561 2505 600 2578; x_wconf 94' lang='lat' dir='ltr'>in</span> <span class='ocrx_word' id='word_1_96' title='bbox 621 2505 830 2602; x_wconf 87' lang='lat' dir='ltr'>antiquiore</span> <span class='ocrx_word' id='word_1_97' title='bbox 846 2507 1031 2603; x_wconf 87' lang='lat' dir='ltr'>majorum</span> <span class='ocrx_word' id='word_1_98' title='bbox 1049 2518 1262 2582; x_wconf 86' lang='lat' dir='ltr'>nostrorum</span> 
     </span>
     <span class='ocr_line' id='line_1_16' title="bbox 215 2651 1264 2756; baseline 0.001 -31"><span class='ocrx_word' id='word_1_99' title='bbox 215 2652 402 2726; x_wconf 90' lang='lat' dir='ltr'>vocabulo</span> <span class='ocrx_word' id='word_1_100' title='bbox 441 2653 640 2750; x_wconf 65' lang='lat' dir='ltr'>gafuege.</span> <span class='ocrx_word' id='word_1_101' title='bbox 706 2651 836 2749; x_wconf 85' lang='lat' dir='ltr'>ltaque</span> <span class='ocrx_word' id='word_1_102' title='bbox 874 2654 1007 2756; x_wconf 75' lang='grc' dir='ltr'><em>ὁμαρτῆ</em></span> <span class='ocrx_word' id='word_1_103' title='bbox 1043 2655 1124 2746; x_wconf 83' lang='lat' dir='ltr'>vel,</span> <span class='ocrx_word' id='word_1_104' title='bbox 1164 2652 1264 2750; x_wconf 94' lang='lat' dir='ltr'>quod</span> 
     </span>
     <span class='ocr_line' id='line_1_17' title="bbox 215 2798 1264 2906; baseline -0.002 -33"><span class='ocrx_word' id='word_1_105' title='bbox 215 2798 454 2873; x_wconf 80' lang='lat' dir='ltr'>Arist-archus</span> <span class='ocrx_word' id='word_1_106' title='bbox 480 2799 626 2892; x_wconf 87' lang='lat' dir='ltr'>maluit,</span> <span class='ocrx_word' id='word_1_107' title='bbox 653 2801 793 2904; x_wconf 59' lang='grc' dir='ltr'><em>ἁμαρτῆ</em></span> <span class='ocrx_word' id='word_1_108' title='bbox 819 2801 992 2906; x_wconf 75' lang='grc' dir='ltr'><strong><em>ῥήσσοντες</em></strong></span> <span class='ocrx_word' id='word_1_109' title='bbox 1018 2801 1075 2898; x_wconf 91' lang='grc' dir='ltr'>(ΙΙ.</span> <span class='ocrx_word' id='word_1_110' title='bbox 1102 2806 1147 2900; x_wconf 88' lang='grc' dir='ltr'>Σ,</span> <span class='ocrx_word' id='word_1_111' title='bbox 1176 2799 1264 2896; x_wconf 82' lang='grc'>571)</span> 
     </span>
     <span class='ocr_line' id='line_1_18' title="bbox 216 2944 1262 3050; baseline 0.002 -32"><span class='ocrx_word' id='word_1_112' title='bbox 216 2944 390 3018; x_wconf 88' lang='lat' dir='ltr'>dicuntur</span> <span class='ocrx_word' id='word_1_113' title='bbox 411 2944 473 3040; x_wconf 89' lang='lat' dir='ltr'>qui</span> <span class='ocrx_word' id='word_1_114' title='bbox 500 2945 548 3018; x_wconf 89' lang='lat' dir='ltr'>ad</span> <span class='ocrx_word' id='word_1_115' title='bbox 573 2946 639 3018; x_wconf 95' lang='lat' dir='ltr'>lini</span> <span class='ocrx_word' id='word_1_116' title='bbox 667 2946 891 3020; x_wconf 84' lang='lat' dir='ltr'>cantilenam</span> <span class='ocrx_word' id='word_1_117' title='bbox 918 2944 1133 3044; x_wconf 81' lang='lat' dir='ltr'>tripudiant,</span> <span class='ocrx_word' id='word_1_118' title='bbox 1160 2946 1262 3050; x_wconf 76' lang='grc' dir='ltr'><em>ὁμαρ-</em></span> 
     </span>
     <span class='ocr_line' id='line_1_19' title="bbox 213 3089 1264 3200; baseline -0.004 -30"><span class='ocrx_word' id='word_1_119' title='bbox 213 3090 307 3182; x_wconf 71' lang='grc' dir='ltr'><em>τήδην</em></span> <span class='ocrx_word' id='word_1_120' title='bbox 334 3098 537 3176; x_wconf 64' lang='grc' dir='ltr'><strong><em>ἀκοντίσσαι</em></strong></span> <span class='ocrx_word' id='word_1_121' title='bbox 564 3089 628 3188; x_wconf 83' lang='grc' dir='ltr'>(Ν,</span> <span class='ocrx_word' id='word_1_122' title='bbox 657 3093 745 3190; x_wconf 88' lang='grc'>584)</span> <span class='ocrx_word' id='word_1_123' title='bbox 773 3094 835 3168; x_wconf 86' lang='lat' dir='ltr'>vel</span> <span class='ocrx_word' id='word_1_124' title='bbox 859 3095 1048 3200; x_wconf 74' lang='grc' dir='ltr'>ὁμαρτῆσαι</span> <span class='ocrx_word' id='word_1_125' title='bbox 1076 3090 1141 3188; x_wconf 90' lang='grc' dir='ltr'>(Μ,</span> <span class='ocrx_word' id='word_1_126' title='bbox 1163 3090 1264 3188; x_wconf 88' lang='grc'>400),</span> 
     </span>
     <span class='ocr_line' id='line_1_20' title="bbox 216 3237 1264 3338; baseline -0.001 -25"><span class='ocrx_word' id='word_1_127' title='bbox 216 3241 278 3338; x_wconf 89' lang='lat' dir='ltr'>qui</span> <span class='ocrx_word' id='word_1_128' title='bbox 318 3241 451 3314; x_wconf 83' lang='lat' dir='ltr'>codam</span> <span class='ocrx_word' id='word_1_129' title='bbox 490 3241 670 3338; x_wconf 85' lang='lat' dir='ltr'>temporis</span> <span class='ocrx_word' id='word_1_130' title='bbox 710 3250 903 3314; x_wconf 86' lang='lat' dir='ltr'>momento</span> <span class='ocrx_word' id='word_1_131' title='bbox 939 3241 1065 3337; x_wconf 89' lang='lat' dir='ltr'>jacula</span> <span class='ocrx_word' id='word_1_132' title='bbox 1102 3237 1264 3331; x_wconf 85' lang='lat' dir='ltr'>mittunt,</span> 
     </span>
     <span class='ocr_line' id='line_1_21' title="bbox 215 3386 1264 3496; baseline -0.006 -30"><span class='ocrx_word' id='word_1_133' title='bbox 215 3391 339 3496; x_wconf 74' lang='grc' dir='ltr'><em>ὁμηρεῒν</em></span> <span class='ocrx_word' id='word_1_134' title='bbox 372 3399 409 3461; x_wconf 86' lang='lat' dir='ltr'>et</span> <span class='ocrx_word' id='word_1_135' title='bbox 443 3390 595 3496; x_wconf 72' lang='grc' dir='ltr'>ὁμαρτεῖν</span> <span class='ocrx_word' id='word_1_136' title='bbox 621 3389 682 3486; x_wconf 92' lang='lat' dir='ltr'>qui</span> <span class='ocrx_word' id='word_1_137' title='bbox 718 3387 875 3486; x_wconf 83' lang='lat' dir='ltr'>gradum</span> <span class='ocrx_word' id='word_1_138' title='bbox 911 3387 1110 3462; x_wconf 87' lang='lat' dir='ltr'>conferunt</span> <span class='ocrx_word' id='word_1_139' title='bbox 1145 3386 1264 3485; x_wconf 85' lang='lat' dir='ltr'>(Virg.</span> 
     </span>
     <span class='ocr_line' id='line_1_22' title="bbox 216 3530 1267 3634; baseline -0.011 -22"><span class='ocrx_word' id='word_1_140' title='bbox 216 3534 350 3634; x_wconf 83' lang='lat' dir='ltr'>Gaorg.</span> <span class='ocrx_word' id='word_1_141' title='bbox 372 3535 436 3627; x_wconf 90' lang='grc' dir='ltr'>ΙΙΙ,</span> <span class='ocrx_word' id='word_1_142' title='bbox 463 3536 550 3634; x_wconf 83' lang='grc'>166)</span> <span class='ocrx_word' id='word_1_143' title='bbox 578 3535 640 3609; x_wconf 84' lang='lat' dir='ltr'>vel</span> <span class='ocrx_word' id='word_1_144' title='bbox 667 3534 855 3634; x_wconf 85' lang='lat' dir='ltr'>conjuncti</span> <span class='ocrx_word' id='word_1_145' title='bbox 885 3544 973 3608; x_wconf 86' lang='lat' dir='ltr'>cunt</span> <span class='ocrx_word' id='word_1_146' title='bbox 1001 3533 1116 3628; x_wconf 75' lang='lat' dir='ltr'>(citrea</span> <span class='ocrx_word' id='word_1_147' title='bbox 1133 3530 1267 3606; x_wconf 75' lang='lat' dir='ltr'>Satria</span> 
     </span>
     <span class='ocr_line' id='line_1_23' title="bbox 213 3675 1262 3790; baseline -0.007 -34"><span class='ocrx_word' id='word_1_148' title='bbox 213 3684 349 3782; x_wconf 71' lang='lat' dir='ltr'>polteo),</span> <span class='ocrx_word' id='word_1_149' title='bbox 378 3695 415 3757; x_wconf 86' lang='lat' dir='ltr'>et</span> <span class='ocrx_word' id='word_1_150' title='bbox 440 3685 617 3790; x_wconf 73' lang='grc' dir='ltr'><em>ὁμηρτῆρες</em></span> <span class='ocrx_word' id='word_1_151' title='bbox 643 3695 730 3758; x_wconf 86' lang='lat' dir='ltr'>sunt</span> <span class='ocrx_word' id='word_1_152' title='bbox 755 3683 954 3779; x_wconf 68' lang='grc' dir='ltr'>ἀκόλουθοι,</span> <span class='ocrx_word' id='word_1_153' title='bbox 980 3677 1147 3781; x_wconf 72' lang='grc' dir='ltr'><em>συνήγοροι</em></span> <span class='ocrx_word' id='word_1_154' title='bbox 1175 3675 1262 3774; x_wconf 88' lang='lat' dir='ltr'>(He-</span> 
     </span>
     <span class='ocr_line' id='line_1_24' title="bbox 217 3821 1263 3929; baseline -0.008 -25"><span class='ocrx_word' id='word_1_155' title='bbox 217 3828 346 3929; x_wconf 83' lang='lat' dir='ltr'>sy&#39;ch.).</span> <span class='ocrx_word' id='word_1_156' title='bbox 412 3829 611 3904; x_wconf 83' lang='lat' dir='ltr'>Translata</span> <span class='ocrx_word' id='word_1_157' title='bbox 649 3841 773 3902; x_wconf 84' lang='lat' dir='ltr'>autom</span> <span class='ocrx_word' id='word_1_158' title='bbox 814 3825 861 3898; x_wconf 89' lang='lat' dir='ltr'>ad</span> <span class='ocrx_word' id='word_1_159' title='bbox 897 3821 1064 3898; x_wconf 72' lang='lat' dir='ltr'>cantum&#39;</span> <span class='ocrx_word' id='word_1_160' title='bbox 1081 3823 1263 3920; x_wconf 86' lang='lat' dir='ltr'>significa·</span> 
     </span>
    </p>
   </div>
   <div class='ocr_carea' id='block_1_6' title="bbox 215 3973 1263 4084">
    <p class='ocr_par' dir='ltr' id='par_1_6' title="bbox 215 3973 1263 4084">
     <span class='ocr_line' id='line_1_25' title="bbox 215 3973 1263 4084; baseline -0.008 -34"><span class='ocrx_word' id='word_1_161' title='bbox 215 3976 318 4054; x_wconf 85' lang='lat' dir='ltr'>tione</span> <span class='ocrx_word' id='word_1_162' title='bbox 350 3975 479 4052; x_wconf 90' lang='lat' dir='ltr'>Musae</span> <span class='ocrx_word' id='word_1_163' title='bbox 514 3978 561 4054; x_wconf 89' lang='lat' dir='ltr'>ab</span> <span class='ocrx_word' id='word_1_164' title='bbox 588 3973 756 4050; x_wconf 86' lang='lat' dir='ltr'>Hesiodo</span> <span class='ocrx_word' id='word_1_165' title='bbox 782 3979 882 4084; x_wconf 66' lang='grc' dir='ltr'>φωνῇΙ</span> <span class='ocrx_word' id='word_1_166' title='bbox 898 3973 1075 4075; x_wconf 71' lang='grc' dir='ltr'><em>ὁμηρεῦσαι</em></span> <span class='ocrx_word' id='word_1_167' title='bbox 1107 3981 1263 4046; x_wconf 86' lang='lat' dir='ltr'>vocatae</span> 
     </span>
    </p>
   </div>
   <div class='ocr_carea' id='block_1_7' title="bbox 0 0 1462 4980">
    <p class='ocr_par' dir='ltr' id='par_1_7' title="bbox 0 0 1462 4980">
     <span class='ocr_line' id='line_1_26' title="bbox 0 0 1462 4980; baseline 0 1"><span class='ocrx_word' id='word_1_168' title='bbox 0 0 1462 4980; x_wconf 95' lang='lat' dir='ltr'> </span> 
     </span>
    </p>
   </div>
  </div>
 </body>
</html>
