2916 4980
170 1435 290 1562 Cum
324 1485 361 1556 in
398 1483 478 1556 aliis
513 1481 793 1578 quaestionibus
820 1479 959 1552 factum
987 1490 1054 1572 est,
1082 1491 1123 1553 ut
1148 1481 1219 1554 viri

169 1631 272 1703 docti
302 1630 357 1702 rei
385 1630 651 1704 obscuritatem
676 1627 839 1700 nominis
866 1627 1060 1700 notatione
1085 1628 1219 1708 tollere

170 1787 413 1867 conarentur,
447 1787 527 1848 tum
561 1775 600 1846 in
633 1774 799 1846 maxima
831 1773 895 1844 illa
929 1784 965 1846 et
992 1771 1220 1865 difficillima,

171 1948 266 2018 quae
303 1933 359 1994 est
394 1921 441 1994 de
475 1919 631 1995 Homeri
658 1920 894 1995 carminibus.
946 1915 1093 1992 Nomen
1122 1919 1221 1993 enim

171 2067 327 2142 Homeri
362 2068 393 2140 si
427 2066 540 2140 modo
576 2067 769 2142 inventum
798 2077 897 2140 esset
924 2043 1013 2163 quid
1039 2065 1220 2163 significa·

171 2225 245 2307 ret,
282 2213 567 2288 fundamentum
592 2214 765 2286 nonnulli
793 2213 1057 2286 existimabant
1079 2213 1222 2308 jactum

122 2376 127 2384 “
176 2385 258 2434 esse
292 2359 380 2434 satis
411 2359 580 2452 firmum,
615 2359 674 2434 eui
699 2359 842 2456 reliqua
868 2358 1069 2456 disputatio
1097 2384 1221 2456 super-

175 2517 390 2586 strueretur.
448 2505 491 2581 In
532 2533 605 2604 quo
646 2531 870 2602 quamquam
909 2505 1115 2581 verendum
1156 2517 1222 2596 est,

174 2679 222 2726 ne
263 2654 486 2742 erraverint,
525 2678 621 2728 neve
662 2678 706 2726 ea
744 2653 784 2734 in
821 2653 974 2732 nomine
1014 2652 1225 2727 invenerint
1311 2711 1324 2724 ,

176 2825 270 2896 quae
304 2799 350 2874 de
384 2825 424 2874 re
458 2798 599 2880 dudum
633 2809 760 2872 mente
796 2809 978 2895 concepta
1003 2799 1224 2889 habuerant,

175 2958 303 3020 tamen
338 2973 474 3045 operae
508 2947 669 3044 pretium
704 2973 785 3022 esse
820 2947 968 3022 videtur
995 2971 1122 3022 earum
1150 2948 1225 3044 opi-

177 3093 333 3166 nionum
367 3117 461 3190 quae
497 3093 542 3167 de
576 3093 733 3172 Homeri
765 3095 918 3168 nomine
944 3097 1112 3192 prolatae
1140 3107 1227 3170 sunt

178 3239 270 3312 duas
289 3240 401 3336 paulo
423 3241 639 3320 accuratius,
662 3229 885 3316 examinare.
937 3241 1068 3315 Altera
1085 3254 1142 3316 est
1160 3269 1225 3316 no·

177 3388 340 3480 vissima,
368 3413 479 3484 quam
506 3387 644 3465 ideireo
672 3390 967 3486 praetermittere
992 3391 1226 3482 nolebamus,

180 3531 266 3627 quia
292 3556 339 3603 ne
366 3532 464 3604 inter
489 3533 703 3632 philologos
730 3536 880 3632 quidem
907 3537 1058 3631 desunt,
1093 3537 1226 3634 quibus

181 3701 224 3748 ea
251 3677 376 3773 opinio
404 3703 493 3776 prae
521 3679 655 3754 ceteris
682 3681 843 3758 arrideat

336 3827 404 3914 ἥτις
436 3830 646 3908 ἀκουόντεσσι
672 3830 814 3917 νεωτάτη
840 3833 1076 3930 ἀμφιπέληται

183 3981 298 4056 altera
326 4007 489 4089 eaquae
517 3985 616 4085 apud
642 3990 822 4086 plurimos
850 3991 959 4066 valet.
