2916 4980
705 371 726 444 5

618 481 820 488 ...ψη-,ᾐ-

195 614 352 687 usitatur
387 613 509 686 solum
549 604 814 704 appellativum
855 606 1032 678 semesas,
1095 597 1240 672 Deinde

195 787 289 858 quae
310 759 357 832 de
378 758 489 853 hujus
508 753 682 828 vocabuli
701 778 770 824 usu
793 751 1008 841 afferuntur,
1035 748 1128 820 nihil
1143 747 1242 822 aliud

194 908 375 1005 probant,
408 901 478 974 nisi
514 903 680 974 samasas
712 896 816 970 Indis
848 897 926 969 fere
952 895 1114 968 valuisse
1142 895 1243 992 quod

196 1053 374 1127 Romanis
401 1047 682 1146 compendium,
709 1047 771 1122 vel
797 1056 838 1118 ut
863 1045 979 1142 ipsius
1000 1043 1243 1117 Holtzmanni

194 1199 321 1274 verbis
348 1207 432 1270 utar
459 1197 508 1293 (p.
527 1192 617 1290 487)
651 1191 738 1285 „die
762 1189 954 1290 pedrdnpte
981 1189 1244 1264 eboraicbtlicbe

196 1343 433 1440 Duratellunp
460 1343 520 1416 des
549 1341 715 1431 Gonzcn,
752 1337 822 1411 die
854 1339 938 1434 auf
959 1336 1029 1410 die
1055 1333 1242 1410 Schoen-

196 1491 286 1566 teir
312 1490 385 1562 der
412 1487 546 1563 Forat
579 1485 835 1559 verzicbtcn
867 1495 1045 1576 incasto,
1080 1508 1141 1555 unt
1176 1483 1244 1554 den

196 1635 289 1736 Stoff
309 1633 525 1732 eoltsrondtp
550 1659 596 1707 za
622 1635 838 1730 amfosaen.“
892 1629 989 1718 Quid
1017 1641 1141 1704 autem
1168 1629 1242 1704 Ho-

195 1809 338 1876 meruS,
375 1783 480 1878 cujus
514 1782 554 1852 in
590 1779 743 1878 singulis
770 1776 1025 1853 describendis
1053 1778 1245 1875 copiosam

195 1929 499 2030 perspicuitatem
535 1951 665 2000 ornnes
700 1927 883 2000 mirantur
916 1951 1001 1998 cum
1034 1924 1244 1998 fabularum

197 2075 419 2176 compendio
447 2100 646 2149 commune
672 2073 812 2148 habet?
852 2071 1022 2169 Denique
1046 2072 1244 2170 quominus

197 2223 370 2297 Samtsas
397 2223 622 2296 vocabulum
650 2246 734 2294 cum
762 2245 896 2318 graeco
919 2219 1065 2328 Ὅμηρος
1098 2244 1243 2316 compa-

196 2393 341 2460 remus,
390 2367 653 2466 grammaticae
701 2365 978 2462 comparativae
1025 2350 1148 2464 leges
1175 2391 1246 2440 nos

195 2513 406 2614 prohibent.
457 2512 554 2587 Nam
582 2513 613 2587 si
638 2513 826 2604 Lacones,
853 2511 985 2604 Eleos,
1011 2509 1245 2586 Eretrienses

197 2659 421 2759 excipimus,
463 2658 562 2758 apud
602 2685 695 2756 quos
730 2689 747 2765 ρ
784 2658 948 2732 litteram
984 2657 1172 2734 interdum
1207 2659 1246 2732 in

197 2807 414 2904 antiquioris
442 2840 465 2884 σ
497 2808 621 2881 locum
655 2806 880 2880 successisse
914 2817 1078 2898 constat,
1113 2805 1246 2882 Graeci

196 2954 242 3026 ab
270 2955 333 3026 illa
354 2955 657 3045 commutatione,
685 2952 783 3050 apud
807 2953 897 3026 alias
921 2963 1052 3051 gentes
1074 2953 1244 3050 frequen-

195 3099 348 3192 tissima,
370 3125 523 3198 prorsus
542 3101 811 3175 abstinuerunt.
852 3096 963 3188 Quod
982 3124 1066 3172 cum
1087 3097 1244 3193 Potius,

195 3245 252 3320 his
279 3246 317 3320 in
344 3248 456 3322 rebus
478 3248 788 3342 accuratissimus,
810 3248 889 3344 jam
911 3247 1244 3347 etymologicarum

196 3393 456 3486 quaestionum
494 3395 684 3468 volumine
723 3395 849 3492 priore
889 3419 923 3492 p.
960 3397 1028 3468 131
1063 3393 1243 3487 docuerit,

193 3535 343 3634 repetiit
377 3561 498 3634 nuper
523 3539 562 3612 in
589 3538 805 3614 doctissimo
833 3539 879 3614 de
906 3565 1152 3640 personarum
1178 3567 1243 3618 no·

193 3683 356 3759 minibus
389 3685 486 3760 libro
520 3712 555 3784 p.
585 3689 643 3761 29.
703 3685 760 3760 Ibi
796 3689 921 3762 omnia
953 3689 1031 3764 fere
1067 3713 1160 3787 quae
1196 3688 1242 3764 dc

194 3859 219 3904 σ
244 3831 281 3904 in
309 3861 325 3936 g
350 3843 493 3906 mutato
518 3833 791 3908 Holtzmannus
819 3833 924 3927 dixit,
950 3835 1003 3908 ita
1028 3835 1174 3926 refellit,
1201 3846 1244 3909 ut

194 4001 314 4072 pauca
348 3988 492 4052 tantum
521 3967 680 4052 habeam
708 4007 802 4078 quae
831 3981 976 4058 addam.
1037 3979 1132 4058 Nam
1166 3979 1240 4058 duo
