2916 4980
763 375 787 448 4

670 480 873 490 ---...-.--

351 601 463 678 Anno
485 602 583 676 enim
598 601 732 675 abhinc
746 603 856 675 tertio
871 601 1144 679 Holtzmannus
1157 632 1298 680 nornen

250 759 384 846 poetae
418 749 567 848 linguae
596 747 797 822 sanseritae
830 774 900 845 ope
929 750 1114 847 explicare
1142 764 1298 826 conatus

251 907 307 970 cst
321 895 580 996 (Zeitsrlrt'stf.
595 895 701 994 oaryl.
713 892 1045 995 Spruckforaclzunq
1058 897 1085 988 I,
1103 903 1175 972 483
1190 901 1296 997 sqq.).

249 1039 398 1115 Scilicet
434 1067 477 1114 ea
512 1068 605 1139 quae
633 1054 719 1139 post
746 1041 926 1116 Wolfium'
952 1056 989 1117 et
1015 1043 1297 1118 Lachmannum

249 1187 347 1286 apud
367 1214 542 1287 magnam
556 1189 834 1286 philologorum
848 1203 993 1286 partem
1007 1193 1134 1266 valent
1156 1193 1295 1288 optime

246 1335 400 1408 refutari
431 1359 543 1430 posse
570 1346 701 1424 ratus„
725 1334 756 1406 si
783 1333 937 1407 Homeri
965 1362 1104 1410 nomen
1126 1339 1206 1433 jam
1232 1337 1295 1409 illo

246 1491 415 1578 tempore
443 1489 567 1551 ortum
594 1503 676 1552 esse
703 1479 987 1572 demonstraret,
1016 1505 1089 1576 quo
1116 1481 1296 1553 Indorum

248 1625 550 1722 Graecorumque
591 1649 683 1721 gens
717 1649 794 1698 una
825 1625 958 1698 fuisset
992 1627 1044 1723 (p.
1072 1627 1180 1721 490),
1220 1625 1295 1699 Ηο-
1327 1604 1332 1610 ’

246 1764 390 1847 merum
425 1772 545 1847 voluit
571 1797 653 1846 esse
679 1771 859 1845 Indorum
886 1769 1081 1846 Samtsam
1108 1773 1295 1870 quendam

247 1945 269 1991 a
302 1917 522 2017 colligendis
558 1917 784 1992 carminibus
820 1918 983 2010 dictum3
1024 1943 1181 2018 eamque
1219 1921 1295 2018 opi·

245 2067 397 2140 nionem
424 2067 462 2138 in
490 2091 534 2140 eo
563 2091 673 2162 quem
701 2066 892 2164 superiore
921 2093 1019 2141 anno
1048 2067 1094 2140 de
1116 2065 1294 2141 Nibelun-

247 2239 379 2311 garum
411 2214 573 2287 carmine
601 2212 717 2286 edidit
740 2213 837 2286 libro
867 2215 972 2311 quasi
999 2213 1293 2287 demonstratam

244 2362 296 2433 ita
334 2370 553 2457 persecutus
592 2371 664 2451 est,
703 2371 745 2433 ut
785 2361 895 2434 etiam
936 2360 983 2432 ad
1019 2359 1290 2436 Germanorum

245 2507 377 2604 poesin
405 2505 543 2603 aliquid
569 2505 656 2578 inde
684 2505 920 2579 redundaret.
956 2505 1099 2580 Verum
1118 2519 1161 2582 ut
1187 2509 1292 2580 omit·

244 2665 338 2746 tarn,
374 2677 484 2751 quam
510 2679 641 2751 parum
668 2654 868 2726 uerisimile
896 2655 953 2747 sit,
980 2679 1119 2726 nomen
1146 2665 1291 2751 poetae,

246 2825 356 2899 quem
376 2798 593 2873 Herodotus
620 2800 900 2898 quadringentis
921 2801 1028 2874 annis
1050 2825 1089 2874 se
1111 2803 1292 2898 majorem

246 2947 500 3040 existimabat,
534 2971 582 3020 ex
608 2946 865 3043 antiquissima
890 2947 954 3018 illa
980 2957 1101 3021 aetate
1129 2971 1211 3021 esse
1239 2972 1292 3019 re-

245 3091 456 3192 petendam,
483 3092 556 3166 tria
581 3092 816 3190 potissimum
836 3105 922 3166 sunt
941 3105 1171 3191 argumenta,
1199 3119 1293 3191 quae

245 3241 306 3313 isti
347 3251 559 3313 commento
600 3241 761 3314 obstant.
826 3238 994 3312 Primum
1034 3242 1133 3315 enirn
1167 3285 1218 3296 ——
1256 3239 1292 3311 id

246 3385 346 3484 quod
372 3411 492 3484 nuper
518 3386 630 3459 etiam
656 3385 949 3481 Mullenhoffius,
980 3389 1125 3487 collega
1151 3386 1292 3460 amicis·

247 3535 371 3626 simus,
399 3534 545 3607 monuit
571 3533 664 3629 (Zur
686 3532 891 3608 Gesclu'clrte
911 3533 974 3608 der
994 3533 1198 3629 llle‘belonqe
1216 3533 1294 3604 Not

245 3706 279 3778 p.
296 3683 316 3753 7
325 3681 360 3778 l)
385 3723 435 3734 -
461 3705 601 3754 nomen
628 3681 718 3754 illud
738 3682 959 3756 sanseritnm
980 3680 1164 3771 Samtsas,
1193 3679 1292 3776 quod

247 3854 380 3926 graeco
403 3829 552 3938 Ὅμηρος
584 3828 811 3928 respondere
844 3827 1053 3923 contendit,
1087 3828 1292 3903 secundum

248 3974 399 4076 Vjasas‚
433 3987 567 4074 poetae
600 3975 779 4068 nominis,
816 3977 1026 4075 analogiam
1057 3977 1185 4050 fictum
1218 3985 1292 4065 est;
