2916 4980
739 311 761 382 8

645 417 850 428 Ἦ

224 530 427 627 pellativis,
460 534 558 609 unde
587 536 768 636 originem
796 539 949 635 ducant,
977 571 1088 645 saepe
1117 563 1273 628 accentu

225 676 400 750 distincta
421 704 514 754 esse.
556 681 750 758 Concedo:
778 699 925 782 poterat
947 691 994 762 ab
1016 693 1135 798 ὅμηρός
1155 699 1272 770 nomi-

224 825 305 897 nari
318 823 466 932 “Onager
482 828 644 925 quidam,
664 841 706 904 ut
726 859 748 904 a
765 831 892 929 βοηθός
912 836 1051 944 Βόηθος,
1072 838 1270 917 Welekero

224 982 349 1046 autem
369 975 474 1069 quasi
493 1001 561 1074 pro
584 978 808 1076 appellativo
830 993 888 1056 est
907 983 999 1056 illud
1019 1013 1169 1080 nornen,
1197 1015 1270 1086 quo

223 1119 411 1216 quoddam
445 1123 571 1218 poesis
606 1124 732 1221 opicae
767 1152 886 1224 genus
920 1130 1155 1230 designatum
1189 1161 1269 1210 esse

223 1269 436 1343 contendat.
493 1269 637 1344 Verum
672 1299 755 1346 cum
790 1276 912 1350 activa
945 1279 1167 1376 significatio
1195 1309 1269 1356 uno

222 1429 379 1494 accentu
417 1419 660 1511 indicaretur,
703 1447 747 1494 ea
787 1448 876 1496 sane
916 1436 1060 1499 mutata
1094 1441 1270 1505 accentus

222 1567 310 1640 sede
337 1566 494 1666 intelligi
522 1568 679 1666 amplius
705 1594 783 1642 non
809 1571 1004 1667 potuisset.

321 1713 467 1788 Deinde
492 1713 547 1788 de
580 1726 737 1812 utraque
768 1717 932 1791 nominis
958 1730 1064 1816 porte
1091 1746 1268 1818 quaeren-

221 1863 310 1936 dum
326 1874 392 1955 est,
411 1887 502 1936 num
524 1862 564 1935 id
583 1887 672 1936 vere
692 1863 887 1962 significet,
915 1865 1015 1962 quod
1034 1871 1270 1966 propositum

221 2025 287 2092 est.
340 2013 449 2086 Prior
479 2037 566 2110 pars
598 2037 675 2085 non
707 2022 785 2084 tam
810 2013 894 2110 ἐμοῦ
920 2025 993 2106 est,
1022 2041 1133 2112 quam
1159 2019 1269 2116 hujus

222 2159 386 2261 genetivi
421 2159 532 2256 stirps
565 2159 664 2258 ὁμο-,
703 2158 965 2234 innumerabili
997 2163 1268 2239 vocabulorum

221 2306 451 2381 multitudini
477 2306 654 2404 praefixa.
688 2306 772 2403 ἐμοῦ
806 2317 932 2380 autem
959 2334 1044 2382 cum
1069 2310 1271 2386 latinorum

223 2455 332 2528 simul
373 2465 410 2528 et
444 2479 519 2526 una
545 2452 810 2527 adverbiorum
844 2455 1019 2530 notiones
1053 2459 1271 2555 conjunctas

221 2603 370 2694 habeat,
398 2601 568 2700 proxime
597 2601 642 2673 ab
670 2598 747 2699 ἅμα
774 2603 891 2693 abest,
919 2628 967 2675 ex
989 2603 1120 2678 eadem
1146 2605 1271 2682 radice

221 2749 428 2848 repetendo
462 2747 617 2846 (sanscr.
646 2747 783 2845 sama),
817 2748 871 2821 ita
901 2760 943 2822 ut
967 2752 1272 2826 communionem

224 2896 412 2994 quandam
433 2895 617 2993 significet
636 2921 713 2966 non
737 2894 848 2968 nimis
876 2907 995 2970 artam
1023 2910 1070 2991 ct,
1096 2899 1161 2973 ubi
1188 2923 1271 2973 cum

224 3043 351 3118 dativo
379 3043 634 3142 conjungitur,
663 3069 684 3115 a
710 3040 769 3118 σύν
794 3044 1100 3141 praepositionis,
1134 3047 1271 3120 firmio-

223 3217 303 3265 rem
343 3215 483 3263 nexum
524 3189 772 3288 designantis,
813 3215 884 3263 usu
926 3189 1083 3265 differat.
1148 3191 1272 3288 Atque

225 3338 354 3412 similis
391 3338 538 3415 videtur
570 3337 773 3435 praepositi
805 3338 888 3436 ὁμο-
914 3336 1021 3410 ratio.
1072 3337 1116 3411 Id
1143 3337 1190 3410 ad
1216 3336 1274 3415 σύν

224 3487 381 3562 voculae
416 3485 492 3558 vim
524 3509 643 3584 prope
677 3483 821 3558 accedit
852 3510 975 3584 neque
1000 3495 1127 3558 tamen
1154 3485 1201 3557 ab
1229 3507 1274 3555 ea

224 3661 301 3710 non
337 3634 525 3708 diversum
554 3643 619 3707 est.
660 3635 820 3732 ὁμόφωνοι
846 3633 873 3703 ii
899 3632 1073 3704 dicuntur
1100 3630 1161 3728 qui
1189 3655 1272 3704 ean·

227 3782 311 3856 dem
338 3805 471 3856 vocem
501 3781 684 3872 emittunt,
710 3779 878 3882 ξύμφωνοι
900 3778 962 3875 qui
983 3802 1097 3852 voces
1120 3776 1273 3876 conjun-

227 3940 338 4028 gunt3
375 3951 487 4025 quare
520 3928 705 4026 ὁμοφωνίας
732 3926 959 4002 contrarium
988 3937 1045 4002 cst
1069 3931 1274 4026 πολυφωνία,
