2916 4980
663 377 827 490 Α

237 604 417 700 quivero
446 627 494 675 cx
522 603 679 676 diversis
705 603 874 700 portibus
902 606 977 677 orsi
1002 606 1039 676 in
1068 631 1179 680 cursu
1196 631 1283 678 con·

236 749 393 822 veniunt
418 775 494 822 non
523 760 610 823 sunt
635 746 821 857 ὅμύδξομοι,
847 751 914 823 scd
940 748 1121 855 σύνδρομον,
1154 762 1196 824 ut
1220 749 1285 830 ὁδοὶ

236 894 402 1006 σύνδξομον
437 909 524 970 sunt
548 897 632 969 viae
660 909 944 989 concurrentes,
977 899 1097 1003 πέτραι
1124 900 1202 972 sive
1227 901 1284 976 σύ-

236 1041 344 1152 δςομον
378 1046 456 1118 sive
490 1040 725 1150 σννδςομοίδος,
766 1068 857 1140 quas
883 1041 1044 1119 Ovidius
1071 1045 1172 1144 (Met
1200 1045 1283 1138 VII,

238 1193 301 1289 62)
328 1191 461 1264 mediis
489 1215 711 1264 concurrere
737 1192 777 1263 iu
803 1190 913 1264 undis
934 1191 1039 1278 dicit.
1092 1193 1219 1290 Itaque
1244 1194 1282 1266 id

236 1339 399 1411 maxime
427 1337 649 1411 discriminis
675 1337 773 1410 inter
799 1348 994 1434 utramque
1017 1363 1151 1432 vocem
1173 1340 1283 1414 iuter·

236 1485 369 1558 cedere
409 1485 576 1578 vidctur,
622 1496 665 1558 ut
702 1487 784 1581 ἑμο-
824 1486 1055 1558 consortium
1092 1486 1282 1582 quoddam

236 1632 423 1731 significat
464 1633 512 1705 ab
552 1632 657 1706 initio
697 1632 855 1704 actionis
891 1633 970 1728 jam
1011 1643 1181 1724 exstans,
1224 1634 1284 1709 σύν

233 1780 348 1852 etiam
376 1779 649 1852 communionis
676 1779 758 1875 ipsa
785 1778 930 1852 actione
957 1778 1106 1852 demum
1129 1781 1282 1853 effectae

235 1926 383 2023 siguum
406 1949 487 1998 csse
508 1924 637 2022 possit.
676 1923 770 1996 Eam
788 1925 838 1997 ob
860 1947 1010 1998 causam
1031 1925 1156 1998 omniu
1175 1950 1283 2000 voca*

234 2071 323 2145 bula
349 2097 443 2167 quae
472 2081 620 2144 autres
647 2071 709 2144 vel
736 2071 974 2170 compositas,
1001 2073 1063 2146 vel
1088 2097 1283 2169 coagmen-

235 2228 349 2309 tatus,
376 2218 437 2290 vel
462 2217 699 2313 conjunctas,
734 2227 798 2288 aut
823 2216 942 2313 ipsam
970 2216 1283 2312 conjunctionem,

237 2365 296 2438 vel
323 2361 530 2453 nectendo,
563 2362 624 2435 vel
649 2361 862 2452 miscendo,
890 2362 950 2436 vel
977 2362 1198 2438 collocando
1224 2363 1285 2438 vel

235 2509 395 2606 denique
416 2507 618 2582 scribendo
641 2508 824 2600 effectam,
844 2517 910 2581 aut
929 2507 1100 2582 homines
1119 2510 1285 2606 quolibet

235 2656 349 2730 modo
383 2666 655 2754 componentes
690 2656 752 2728 vel
779 2656 1049 2754 conjungentes
1077 2656 1285 2754 designant,

234 2805 487 2902 praepositam
513 2805 655 2878 habent
681 2805 738 2880 σύν
764 2830 842 2876 non
868 2805 952 2902 ὁμο·
979 2806 1174 2880 voculam:
1200 2837 1285 2902 συμ-

234 2955 362 3057 παγύς,
388 2953 589 3060 σύγκοασος,
614 2954 807 3060 ουμφνςσύς
826 2995 875 3006 --
896 2954 1073 3052 σύναμμα,
1093 2948 1283 3056 σύνδεσμος,

236 3104 408 3201 σύνθεσις,
434 3101 588 3204 σύνταξις
614 3143 660 3158 ·-
686 3103 871 3202 σννθέοης,
898 3103 1129 3207 συγγραφεύς.
1181 3099 1283 3188 Quae

235 3276 326 3324 vcro
349 3249 455 3321 aliter
476 3275 515 3322 sc
537 3248 676 3322 habere
696 3248 882 3339 videntur,
898 3248 1105 3322 accuratius
1119 3247 1287 3344 inspecta

237 3395 323 3468 huic
350 3395 503 3492 regulae
529 3395 717 3468 contraria
742 3420 818 3466 non
848 3404 949 3485 sunt,
982 3404 1024 3466 ut
1054 3394 1285 3466 homericum

233 3542 455 3648 ὁμηγερέες,
483 3541 583 3638 quod
611 3567 723 3638 quum
750 3539 865 3614 habet
889 3539 1138 3614 conveniendi
1165 3537 1283 3610 notio-

235 3715 322 3765 nem
351 3714 395 3760 ca
417 3689 494 3784 jam
521 3688 560 3760 in
583 3688 697 3785 stirpe
724 3689 808 3790 οἰνος
835 3686 942 3773 inest,
969 3683 1093 3775 itaque
1115 3680 1283 3776 praefixo

235 3837 298 3908 illo
339 3836 421 3933 ὁμο·
453 3862 530 3908 nou
566 3835 724 3908 afficitur
757 3831 824 3911 sed
856 3837 1013 3926 augetur
1040 3825 1173 3900 eodem
1205 3827 1283 3900 fere

235 3982 350 4056 modo'
385 4009 458 4082 quo
491 3979 568 4077 ἅμα
602 4003 687 4052 cum
720 3977 837 4050 verbo
864 3974 1018 4056 ἔπεσθαι
1046 3975 1286 4072 conjunctum

1444 3171 1450 3228 t
