2916 4980
712 307 734 376 7

130 589 133 593 -
202 537 392 634 (Episclrcr
420 533 549 634 Cyclas
574 534 608 626 I,
645 534 714 606 125
743 534 849 631 sqq.),
886 561 910 606 u
957 535 1248 631 compositorem

203 685 263 758 vel
291 709 375 756 eum
402 683 598 780 designare
626 680 735 772 dieat,
764 681 825 777 qui
851 682 1057 754 vetustiora
1084 682 1249 754 carmina

203 829 379 906 breviora
412 828 449 903 in
483 847 599 900 unum
633 827 784 925 longius
818 827 1056 923 conjunxerit
1088 839 1128 911 et
1161 853 1249 926 quo·
1378 911 1384 924 ,

204 975 404 1052 dammodo
444 974 764 1072 coagmentaverit
803 973 1257 1074 („Zusamrnerasuaprr“).¹

203 1123 307 1214 Quae
333 1123 496 1196 nominis
529 1122 786 1219 interpretatio
822 1145 906 1194 eum
939 1122 1065 1196 multis
1097 1135 1251 1221 propter

205 1271 478 1368 simplieitatem
497 1270 688 1366 placuerit,
715 1280 841 1343 tamen
862 1295 940 1344 non
964 1269 1163 1344 defuerunt
1190 1273 1251 1369 qui

206 1443 288 1490 eam
319 1417 525 1514 rejicerent,
553 1419 592 1490 in
620 1418 754 1514 quibus
780 1417 1067 1518 Bernhardyum
1094 1417 1250 1512 (Grtect.

205 1564 403 1638 Litterutur
428 1564 475 1656 ll,
504 1564 566 1662 90)
602 1575 639 1638 et
671 1563 902 1638 Nitasehium
937 1561 1191 1663 (Supeupoesie
1216 1593 1251 1664 p.

205 1715 251 1784 37
257 1713 293 1808 7)
321 1712 535 1784 nominasse
564 1711 732 1785 sufficiat.
780 1709 855 1784 Sed
882 1737 904 1784 a
929 1711 1045 1804 nullo,
1072 1724 1252 1810 quantum

206 1857 355 1953 quidem
383 1858 476 1948 scio,
509 1858 716 1932 accuratius
741 1859 780 1932 in
807 1859 904 1930 hanc
931 1883 1010 1930 rem
1037 1859 1253 1954 inquisitum

207 2015 272 2080 est.
324 2003 519 2078 Faciamus
553 2004 665 2102 igitur
691 2004 903 2102 inquirendi
928 2003 1152 2101 periculum,
1188 2007 1255 2080 sed

204 2155 257 2228 ita
289 2161 330 2226 ut
363 2152 477 2226 solius
510 2152 685 2226 vocabuli
716 2154 904 2226 rationem
929 2153 1144 2226 habeamus.
1197 2152 1253 2228 De

207 2324 281 2395 quo
306 2298 340 2372 si
367 2297 646 2396 obloquendum
677 2299 748 2371 erit
764 2300 852 2394 ‚viro
881 2324 991 2396 quem
1018 2299 1115 2372 inter
1141 2301 1255 2398 magi·

204 2457 304 2520 stros
337 2456 487 2520 nostros
521 2469 760 2538 veneramur,
795 2446 834 2518 id
866 2447 971 2520 salva
1002 2447 1141 2546 pietate
1174 2447 1256 2518 fieri

205 2619 327 2691 posse,
354 2594 464 2668 nobis
491 2619 711 2690 persuasum
737 2596 804 2669 est

307 2740 362 2815 Ac
388 2741 549 2840 primum
578 2739 727 2837 quidem
753 2741 800 2814 de
822 2751 978 2815 accentu
997 2739 1103 2815 vocis
1124 2743 1255 2840 agitur.

205 2887 299 2962 Nam
348 2888 379 2962 si
416 2899 565 2984 praeter
604 2889 797 2986 vulgatum
836 2888 952 2995 ὅμηςος
991 2889 1150 2962 alterurn
1188 2890 1257 2962 fuit
1363 2925 1365 2930 ·

208 3055 364 3123 nomen,
400 3033 521 3108 activa
547 3034 818 3134 significatione
844 3033 1073 3130 praeditum,
1102 3037 1256 3110 necesse

207 3191 288 3254 erat
321 3179 400 3276 ejus
433 3181 596 3255 nominis
622 3181 752 3254 ultima
779 3179 923 3278 syllaba
950 3191 1154 3254 acueretur.
1207 3180 1258 3254 Ut

208 3327 306 3404 euim
334 3329 586 3434 arear-mbr,
609 3327 842 3431 ruo-arripis,
867 3325 1035 3428 derebi-5
1062 3329 1256 3420 habemus,

207 3471 260 3544 ita
299 3472 416 3578 ὅμηρός
450 3475 743 3568 exspectandum
778 3487 874 3550 erat¹
892 3473 1083 3572 (Gottliup,
1112 3473 1257 3550 Arcent-

208 3619 302 3692 tebre
341 3645 375 3716 p.
411 3620 511 3714 320).
568 3619 621 3696 At
654 3622 793 3718 major,
832 3623 1022 3720 inquiunt,
1062 3621 1257 3696 nominum

208 3767 443 3864 propriorum
474 3768 636 3845 lieentia
655 3770 776 3868 roffi)
810 3793 906 3867 quae
941 3779 1088 3844 constat
1121 3769 1166 3842 ab
1195 3790 1256 3866 ap-

226 3944 251 4011 *l
270 3935 480 4014 ctosrauus,
499 3949 659 4016 laeam.
671 3951 696 4000 a.
708 3949 1022 4002 reseruassemus.
1036 3943 1115 4012 ress,
1136 3941 1255 4012 priora.
