2916 4980
686 377 709 447 9

595 485 799 496 --.-—---

176 621 366 709 συμφωνίας
387 605 557 708 διαφωνία.
610 606 723 704 Cujus
750 604 974 680 discriminis
1000 602 1223 680 Aristoteles

175 757 247 832 sibi
273 755 447 832 conscius
474 753 543 828 fuit
569 777 652 826 cum
681 751 822 828 diceret
848 750 973 851 (Polit.
988 750 1034 845 ΙΙ,
1056 753 1094 848 5)
1121 752 1224 858 ὥςπερ

175 901 237 981 arb
263 910 294 981 rt
313 933 362 989 τις
386 909 576 1001 συμφωνίαν
600 899 758 990 πονήσειεν
777 899 970 999 ὁμοφωνίαν.
1010 897 1108 988 Quid
1127 900 1224 974 inter

176 1053 332 1152 ὁμώνυμον
366 1062 402 1125 et
436 1052 605 1148 συνώνυμον
639 1049 787 1122 intersit
817 1074 895 1122 non
926 1047 1045 1146 magis
1078 1048 1223 1146 ignora·

175 1209 250 1291 tur,
286 1222 396 1295 quam
429 1197 617 1296 ὁμοπαθεῖς
642 1223 685 1270 ac
710 1193 907 1294 συμπαθεῖς
933 1194 1103 1269 diversos
1131 1219 1224 1287 esse,

176 1359 218 1420 ut
250 1346 417 1454 συνήγορον
451 1356 488 1420 ot
522 1346 584 1442 qui
617 1343 716 1442 apud
742 1342 973 1442 Hesychium
1000 1365 1224 1415 commemo·

176 1506 306 1570 rantur
324 1493 491 1598 ὁμήγοςον,
518 1494 673 1601 tutiorem,
699 1494 730 1569 ἐν
754 1493 868 1588 ταύτῷ
893 1487 1072 1595 συνήγορον,
1099 1489 1136 1564 id
1158 1501 1225 1582 est,

175 1644 237 1741 qui
264 1643 424 1718 eandem
458 1665 610 1714 causam
645 1650 772 1739 egunt.
828 1638 953 1735 Atque
979 1639 1061 1736 ὅμο-
1088 1638 1225 1736 saepis-

175 1793 267 1868 sime
304 1817 389 1866 cum
424 1788 641 1864 nominibus
677 1787 922 1862 substantivis
953 1788 1006 1860 ita
1037 1785 1225 1884 componi-

173 1950 252 2030 tur,
287 1947 329 2010 ut
362 1928 611 2034 compositum
636 1934 863 2008 vocabulum
890 1932 1115 2030 adjectivum
1141 1933 1225 2006 fiat:

173 2084 339 2190 ὁμοήθνς,
368 2083 542 2184 ὁμότιμος,
567 2083 779 2190 ὁμομήτριος,
806 2083 969 2190 ὄμόφμυν,
995 2079 1113 2154 rarius
1141 2105 1225 2154 cum

173 2235 377 2308 verborum
410 2233 610 2331 stirpibus:
649 2230 830 2340 ὅμηγνμίς,
869 2229 1014 2335 ὁμόζυξ,
1048 2231 1226 2330 ὁμοτουγνῗς
1337 2203 1340 2210 .

177 2383 222 2480 (οἱ
248 2382 278 2458 ἐν
302 2382 350 2478 τῷ
374 2381 467 2478 αὐτῷ’
489 2380 647 2483 σοίγμονσν
673 2377 864 2479 Hesych.).
917 2377 973 2451 Ea
1002 2403 1093 2452 vero
1130 2404 1224 2475 quae

177 2553 224 2601 ex
251 2528 377 2602 verbis
403 2528 504 2602 faeta
535 2537 622 2601 suut
654 2529 733 2600 fere
767 2524 893 2599 omnia
926 2524 1115 2623 passivam
1148 2525 1225 2598 vim

175 2675 333 2768 habent,
368 2675 529 2748 activam
564 2697 683 2772 pauca
715 2697 832 2772 eaque
859 2673 1039 2747 rarissimi
1065 2673 1126 2746 vel
1153 2673 1225 2746 seri

177 2847 285 2896 usus:
319 2822 468 2923 ὁμοίκοον,
495 2821 596 2917 quod
621 2845 763 2895 nomen
789 2820 1027 2920 Pythagorae
1055 2819 1227 2918 discipuli

176 2971 246 3044 sibi
278 2969 459 3045 indidisse
486 2969 677 3062 dicuntur,
717 2971 964 3074 ὁμοβλονστοὶς,
999 2968 1100 3068 quod
1127 2967 1225 3064 apud

177 3113 477 3216 Theophrastum
510 3116 664 3216 legitur,
699 3114 890 3226 ὅμόδςομος,
917 3116 1018 3214 quod
1044 3116 1176 3192 melius
1205 3143 1227 3190 a

174 3261 291 3373 δρόμος
324 3265 532 3357 derivatur,
565 3264 752 3366 ὁμοθσλνὶς,
786 3263 886 3363 quod
922 3261 1019 3362 apud
1054 3263 1225 3339 ecclesia·

175 3413 289 3484 sticos
310 3411 461 3484 demum
482 3413 683 3509 scriptores
702 3412 901 3504 invenitur,
928 3412 1094 3512 σ’μοπονός,
1121 3415 1225 3512 cujus

175 3553 430 3629 damblichum
463 3565 599 3628 testem
626 3558 797 3630 afferunt.
850 3555 897 3630 Et
923 3581 971 3630 ne
997 3559 1037 3634 in
1062 3557 1121 3632 his
1149 3559 1224 3655 qui·

176 3702 272 3796 dem,
301 3704 435 3800 quibus
456 3730 533 3778 nou
555 3705 674 3779 multa
700 3703 787 3777 addi
812 3715 999 3804 poterunt,
1026 3707 1103 3805 ὁμο·
1122 3733 1224 3806 pror·

177 3875 239 3926 sus
259 3851 359 3925 idem
381 3855 483 3928 valet
502 3855 604 3951 quod
624 3857 692 3934 συν.
745 3853 818 3944 Qui
845 3855 944 3930 enim
971 3881 1046 3930 una
1072 3869 1226 3932 currunt

174 4011 334 4099 possunt
352 3999 377 4072 ii
395 3999 546 4100 quidem
573 4015 610 4078 et
635 4002 809 4114 ὁμόδςομον
832 4015 869 4078 et
890 4001 1057 4112 σύνδρομον
1077 4004 1224 4098 vocari;
