<?xml version="1.0" encoding="UTF-8"?>
<!DOCTYPE html PUBLIC "-//W3C//DTD XHTML 1.0 Transitional//EN"
    "http://www.w3.org/TR/xhtml1/DTD/xhtml1-transitional.dtd">
<html xmlns="http://www.w3.org/1999/xhtml" xml:lang="en" lang="en">
 <head>
  <title>
</title>
<meta http-equiv="Content-Type" content="text/html;charset=utf-8" />
  <meta name='ocr-system' content='tesseract 3.04.00' />
  <meta name='ocr-capabilities' content='ocr_page ocr_carea ocr_par ocr_line ocrx_word'/>
</head>
<body>
  <div class='ocr_page' id='page_1' title='image "./denominehomeric00curtgoog_0018.png"; bbox 0 0 2916 4980; ppageno 0'>
   <div class='ocr_carea' id='block_1_1' title="bbox 681 399 727 473">
    <p class='ocr_par' dir='ltr' id='par_1_1' title="bbox 681 399 727 473">
     <span class='ocr_line' id='line_1_1' title="bbox 681 399 727 473; baseline -0.065 0"><span class='ocrx_word' id='word_1_1' title='bbox 681 399 727 473; x_wconf 80' lang='lat'>13</span> 
     </span>
    </p>
   </div>
   <div class='ocr_carea' id='block_1_2' title="bbox 604 505 806 513">
    <p class='ocr_par' dir='ltr' id='par_1_2' title="bbox 604 505 806 513">
     <span class='ocr_line' id='line_1_2' title="bbox 604 505 806 513; baseline -0.01 0"><span class='ocrx_word' id='word_1_2' title='bbox 604 507 709 513; x_wconf 64' lang='lat'><em>..-.-.-.</em></span> <span class='ocrx_word' id='word_1_3' title='bbox 734 507 739 511; x_wconf 94' lang='lat'>-</span> <span class='ocrx_word' id='word_1_4' title='bbox 750 505 806 512; x_wconf 58' lang='lat' dir='ltr'>...fl-</span> 
     </span>
    </p>
   </div>
   <div class='ocr_carea' id='block_1_3' title="bbox 181 624 1228 729">
    <p class='ocr_par' dir='ltr' id='par_1_3' title="bbox 181 624 1228 729">
     <span class='ocr_line' id='line_1_3' title="bbox 181 624 1228 729; baseline -0.01 -22"><span class='ocrx_word' id='word_1_5' title='bbox 181 643 268 708; x_wconf 90' lang='lat' dir='ltr'>sunt</span> <span class='ocrx_word' id='word_1_6' title='bbox 307 629 473 729; x_wconf 83' lang='lat' dir='ltr'>(Theog.</span> <span class='ocrx_word' id='word_1_7' title='bbox 502 626 591 721; x_wconf 84' lang='lat'>38),</span> <span class='ocrx_word' id='word_1_8' title='bbox 626 627 711 722; x_wconf 93' lang='lat' dir='ltr'>quia</span> <span class='ocrx_word' id='word_1_9' title='bbox 745 624 953 722; x_wconf 90' lang='lat' dir='ltr'>conjunctis</span> <span class='ocrx_word' id='word_1_10' title='bbox 990 635 1030 698; x_wconf 91' lang='lat' dir='ltr'>et</span> <span class='ocrx_word' id='word_1_11' title='bbox 1059 625 1156 698; x_wconf 88' lang='lat' dir='ltr'>inter</span> <span class='ocrx_word' id='word_1_12' title='bbox 1189 649 1228 698; x_wconf 88' lang='lat' dir='ltr'>se</span> 
     </span>
    </p>
   </div>
   <div class='ocr_carea' id='block_1_4' title="bbox 179 768 1228 858">
    <p class='ocr_par' dir='ltr' id='par_1_4' title="bbox 179 768 1228 858">
     <span class='ocr_line' id='line_1_4' title="bbox 179 768 1228 858; baseline -0.009 -6"><span class='ocrx_word' id='word_1_13' title='bbox 179 775 472 852; x_wconf 79' lang='lat' dir='ltr'><strong>accommodatis</strong></span> <span class='ocrx_word' id='word_1_14' title='bbox 518 772 674 847; x_wconf 90' lang='lat' dir='ltr'>vocibus</span> <span class='ocrx_word' id='word_1_15' title='bbox 723 782 884 845; x_wconf 79' lang='lat' dir='ltr'>cantant.</span> <span class='ocrx_word' id='word_1_16' title='bbox 958 768 1078 858; x_wconf 86' lang='lat' dir='ltr'><strong>Quem</strong></span> <span class='ocrx_word' id='word_1_17' title='bbox 1120 796 1228 844; x_wconf 89' lang='lat' dir='ltr'>usum</span> 
     </span>
    </p>
   </div>
   <div class='ocr_carea' id='block_1_5' title="bbox 179 888 1230 1021">
    <p class='ocr_par' dir='ltr' id='par_1_5' title="bbox 179 888 1230 1021">
     <span class='ocr_line' id='line_1_5' title="bbox 179 888 1230 1021; baseline -0.007 -26"><span class='ocrx_word' id='word_1_18' title='bbox 179 947 404 1021; x_wconf 88' lang='lat' dir='ltr'>quamquam</span> <span class='ocrx_word' id='word_1_19' title='bbox 426 917 646 993; x_wconf 87' lang='lat' dir='ltr'>Welckerus</span> <span class='ocrx_word' id='word_1_20' title='bbox 675 918 724 1014; x_wconf 89' lang='lat' dir='ltr'>(p.</span> <span class='ocrx_word' id='word_1_21' title='bbox 749 919 836 1015; x_wconf 77' lang='lat'>129)</span> <span class='ocrx_word' id='word_1_22' title='bbox 863 943 931 1015; x_wconf 91' lang='lat' dir='ltr'>pro</span> <span class='ocrx_word' id='word_1_23' title='bbox 956 942 1022 990; x_wconf 90' lang='lat' dir='ltr'>sua</span> <span class='ocrx_word' id='word_1_24' title='bbox 1045 888 1230 990; x_wconf 82' lang='lat' dir='ltr'>sententia</span> 
     </span>
    </p>
   </div>
   <div class='ocr_carea' id='block_1_6' title="bbox 174 1065 1229 3952">
    <p class='ocr_par' dir='ltr' id='par_1_6' title="bbox 176 1065 1229 2640">
     <span class='ocr_line' id='line_1_6' title="bbox 180 1065 1228 1162; baseline -0.004 -20"><span class='ocrx_word' id='word_1_25' title='bbox 180 1071 303 1160; x_wconf 85' lang='lat' dir='ltr'>affert,</span> <span class='ocrx_word' id='word_1_26' title='bbox 341 1067 472 1142; x_wconf 84' lang='lat' dir='ltr'><strong>Musae</strong></span> <span class='ocrx_word' id='word_1_27' title='bbox 511 1078 638 1140; x_wconf 88' lang='lat' dir='ltr'>tamen</span> <span class='ocrx_word' id='word_1_28' title='bbox 678 1077 763 1162; x_wconf 89' lang='lat' dir='ltr'>apte</span> <span class='ocrx_word' id='word_1_29' title='bbox 805 1066 1046 1139; x_wconf 79' lang='lat' dir='ltr'>concinentes</span> <span class='ocrx_word' id='word_1_30' title='bbox 1086 1065 1132 1138; x_wconf 92' lang='lat' dir='ltr'>ab</span> <span class='ocrx_word' id='word_1_31' title='bbox 1165 1067 1228 1138; x_wconf 89' lang='lat' dir='ltr'>illa</span> 
     </span>
     <span class='ocr_line' id='line_1_7' title="bbox 180 1210 1228 1312; baseline -0.002 -25"><span class='ocrx_word' id='word_1_32' title='bbox 180 1239 292 1312; x_wconf 89' lang='lat' dir='ltr'>quam</span> <span class='ocrx_word' id='word_1_33' title='bbox 313 1212 457 1309; x_wconf 88' lang='lat' dir='ltr'>quaerit</span> <span class='ocrx_word' id='word_1_34' title='bbox 477 1211 748 1311; x_wconf 83' lang='lat' dir='ltr'>significatione</span> <span class='ocrx_word' id='word_1_35' title='bbox 772 1210 1059 1309; x_wconf 84' lang='lat' dir='ltr'>coagmentandi</span> <span class='ocrx_word' id='word_1_36' title='bbox 1079 1213 1228 1309; x_wconf 86' lang='lat' dir='ltr'>longius</span> 
     </span>
     <span class='ocr_line' id='line_1_8' title="bbox 182 1357 1228 1464; baseline -0.001 -31"><span class='ocrx_word' id='word_1_37' title='bbox 182 1361 329 1434; x_wconf 89' lang='lat' dir='ltr'>absunt.</span> <span class='ocrx_word' id='word_1_38' title='bbox 389 1358 546 1434; x_wconf 83' lang='lat' dir='ltr'>Restant</span> <span class='ocrx_word' id='word_1_39' title='bbox 584 1360 665 1446; x_wconf 79' lang='grc' dir='ltr'>Ζεύς</span> <span class='ocrx_word' id='word_1_40' title='bbox 694 1357 874 1464; x_wconf 43' lang='lat' dir='ltr'>‘Osdara</span> <span class='ocrx_word' id='word_1_41' title='bbox 914 1359 976 1455; x_wconf 91' lang='lat' dir='ltr'>qui</span> <span class='ocrx_word' id='word_1_42' title='bbox 1011 1359 1058 1432; x_wconf 86' lang='lat' dir='ltr'>ab</span> <span class='ocrx_word' id='word_1_43' title='bbox 1095 1358 1228 1432; x_wconf 83' lang='lat' dir='ltr'>eodem</span> 
     </span>
     <span class='ocr_line' id='line_1_9' title="bbox 181 1505 1229 1613; baseline 0.005 -34"><span class='ocrx_word' id='word_1_44' title='bbox 181 1506 263 1580; x_wconf 92' lang='lat' dir='ltr'>viro</span> <span class='ocrx_word' id='word_1_45' title='bbox 297 1505 407 1578; x_wconf 90' lang='lat' dir='ltr'>docto</span> <span class='ocrx_word' id='word_1_46' title='bbox 442 1517 757 1581; x_wconf 87' lang='lat' dir='ltr'>commemoratur</span> <span class='ocrx_word' id='word_1_47' title='bbox 783 1508 834 1604; x_wconf 82' lang='lat' dir='ltr'>(p.</span> <span class='ocrx_word' id='word_1_48' title='bbox 865 1505 970 1603; x_wconf 79' lang='lat'>128),</span> <span class='ocrx_word' id='word_1_49' title='bbox 1011 1516 1048 1578; x_wconf 90' lang='lat' dir='ltr'>et</span> <span class='ocrx_word' id='word_1_50' title='bbox 1072 1507 1229 1613; x_wconf 69' lang='grc' dir='ltr'>Ὁμοίςιον</span> 
     </span>
     <span class='ocr_line' id='line_1_10' title="bbox 181 1651 1228 1760; baseline 0 -34"><span class='ocrx_word' id='word_1_51' title='bbox 181 1653 259 1726; x_wconf 86' lang='lat' dir='ltr'>sive</span> <span class='ocrx_word' id='word_1_52' title='bbox 285 1653 454 1760; x_wconf 59' lang='lat' dir='ltr'>‘Aurigam</span> <span class='ocrx_word' id='word_1_53' title='bbox 481 1665 679 1751; x_wconf 90' lang='lat' dir='ltr'>utrumque</span> <span class='ocrx_word' id='word_1_54' title='bbox 701 1679 723 1725; x_wconf 91' lang='lat' dir='ltr'>a</span> <span class='ocrx_word' id='word_1_55' title='bbox 742 1652 944 1726; x_wconf 86' lang='lat' dir='ltr'>concordia</span> <span class='ocrx_word' id='word_1_56' title='bbox 963 1651 1113 1745; x_wconf 88' lang='lat' dir='ltr'>dictum,</span> <span class='ocrx_word' id='word_1_57' title='bbox 1140 1679 1228 1726; x_wconf 83' lang='lat' dir='ltr'>narn</span> 
     </span>
     <span class='ocr_line' id='line_1_11' title="bbox 180 1799 1227 1905; baseline -0.002 -31"><span class='ocrx_word' id='word_1_58' title='bbox 180 1802 211 1874; x_wconf 88' lang='lat' dir='ltr'>si</span> <span class='ocrx_word' id='word_1_59' title='bbox 237 1799 349 1905; x_wconf 65' lang='grc' dir='ltr'><strong><em>ὅμηροι</em></strong></span> <span class='ocrx_word' id='word_1_60' title='bbox 383 1799 534 1872; x_wconf 80' lang='lat' dir='ltr'>frierunt</span> <span class='ocrx_word' id='word_1_61' title='bbox 569 1800 645 1897; x_wconf 87' lang='lat' dir='ltr'>apti</span> <span class='ocrx_word' id='word_1_62' title='bbox 678 1799 776 1873; x_wconf 88' lang='lat' dir='ltr'>inter</span> <span class='ocrx_word' id='word_1_63' title='bbox 807 1824 847 1873; x_wconf 87' lang='lat' dir='ltr'>se</span> <span class='ocrx_word' id='word_1_64' title='bbox 876 1810 914 1873; x_wconf 88' lang='lat' dir='ltr'>et</span> <span class='ocrx_word' id='word_1_65' title='bbox 940 1799 1113 1890; x_wconf 85' lang='lat' dir='ltr'>connexi,</span> <span class='ocrx_word' id='word_1_66' title='bbox 1139 1799 1227 1872; x_wconf 90' lang='lat' dir='ltr'>inde</span> 
     </span>
     <span class='ocr_line' id='line_1_12' title="bbox 178 1943 1227 2048; baseline -0.002 -28"><span class='ocrx_word' id='word_1_67' title='bbox 178 1947 297 2022; x_wconf 88' lang='lat' dir='ltr'>facilis</span> <span class='ocrx_word' id='word_1_68' title='bbox 324 1956 405 2048; x_wconf 85' lang='lat' dir='ltr'>erat</span> <span class='ocrx_word' id='word_1_69' title='bbox 429 1945 608 2018; x_wconf 84' lang='lat' dir='ltr'>transitus</span> <span class='ocrx_word' id='word_1_70' title='bbox 635 1945 683 2019; x_wconf 88' lang='lat' dir='ltr'>ad</span> <span class='ocrx_word' id='word_1_71' title='bbox 710 1943 982 2040; x_wconf 83' lang='lat' dir='ltr'>designandum</span> <span class='ocrx_word' id='word_1_72' title='bbox 1004 1943 1227 2019; x_wconf 87' lang='lat' dir='ltr'>concordiae</span> 
     </span>
     <span class='ocr_line' id='line_1_13' title="bbox 180 2089 1229 2197; baseline 0.002 -31"><span class='ocrx_word' id='word_1_73' title='bbox 180 2105 217 2167; x_wconf 86' lang='lat' dir='ltr'>et</span> <span class='ocrx_word' id='word_1_74' title='bbox 247 2103 383 2167; x_wconf 88' lang='lat' dir='ltr'>testem</span> <span class='ocrx_word' id='word_1_75' title='bbox 420 2103 456 2166; x_wconf 88' lang='lat' dir='ltr'>et</span> <span class='ocrx_word' id='word_1_76' title='bbox 488 2091 623 2164; x_wconf 90' lang='lat' dir='ltr'>locum.</span> <span class='ocrx_word' id='word_1_77' title='bbox 683 2089 733 2165; x_wconf 87' lang='lat' dir='ltr'>Et</span> <span class='ocrx_word' id='word_1_78' title='bbox 759 2116 852 2188; x_wconf 90' lang='lat' dir='ltr'>quae</span> <span class='ocrx_word' id='word_1_79' title='bbox 879 2091 991 2197; x_wconf 67' lang='grc' dir='ltr'>ὅμηροι</span> <span class='ocrx_word' id='word_1_80' title='bbox 1017 2090 1229 2168; x_wconf 89' lang='lat' dir='ltr'>dictasunt</span> 
     </span>
     <span class='ocr_line' id='line_1_14' title="bbox 179 2239 1226 2337; baseline -0.001 -23"><span class='ocrx_word' id='word_1_81' title='bbox 179 2240 402 2317; x_wconf 84' lang='lat' dir='ltr'>concordiae</span> <span class='ocrx_word' id='word_1_82' title='bbox 428 2239 598 2336; x_wconf 84' lang='lat' dir='ltr'>pignora,</span> <span class='ocrx_word' id='word_1_83' title='bbox 624 2239 697 2311; x_wconf 94' lang='lat' dir='ltr'>hoc</span> <span class='ocrx_word' id='word_1_84' title='bbox 724 2265 864 2313; x_wconf 90' lang='lat' dir='ltr'>nornen</span> <span class='ocrx_word' id='word_1_85' title='bbox 892 2265 940 2313; x_wconf 87' lang='lat' dir='ltr'>ex</span> <span class='ocrx_word' id='word_1_86' title='bbox 967 2266 1012 2313; x_wconf 90' lang='lat' dir='ltr'>eo</span> <span class='ocrx_word' id='word_1_87' title='bbox 1038 2241 1226 2337; x_wconf 88' lang='lat' dir='ltr'>accepisse</span> 
     </span>
     <span class='ocr_line' id='line_1_15' title="bbox 177 2385 1225 2486; baseline 0.001 -24"><span class='ocrx_word' id='word_1_88' title='bbox 177 2387 369 2480; x_wconf 82' lang='lat' dir='ltr'>videntur,</span> <span class='ocrx_word' id='word_1_89' title='bbox 409 2385 511 2484; x_wconf 90' lang='lat' dir='ltr'>quod</span> <span class='ocrx_word' id='word_1_90' title='bbox 549 2386 642 2459; x_wconf 88' lang='lat' dir='ltr'>haec</span> <span class='ocrx_word' id='word_1_91' title='bbox 674 2385 777 2483; x_wconf 83' lang='lat' dir='ltr'>pacis</span> <span class='ocrx_word' id='word_1_92' title='bbox 811 2387 1046 2461; x_wconf 89' lang='lat' dir='ltr'>confirmatio</span> <span class='ocrx_word' id='word_1_93' title='bbox 1078 2387 1225 2486; x_wconf 82' lang='lat' dir='ltr'>utrique</span> 
     </span>
     <span class='ocr_line' id='line_1_16' title="bbox 176 2532 619 2640; baseline 0.007 -33"><span class='ocrx_word' id='word_1_94' title='bbox 176 2534 273 2632; x_wconf 88' lang='lat' dir='ltr'>parti</span> <span class='ocrx_word' id='word_1_95' title='bbox 306 2538 349 2611; x_wconf 69' lang='grc' dir='ltr'>ἐνὶ</span> <span class='ocrx_word' id='word_1_96' title='bbox 373 2545 486 2640; x_wconf 69' lang='grc' dir='ltr'><strong><em>φρεσὶν</em></strong></span> <span class='ocrx_word' id='word_1_97' title='bbox 511 2532 619 2639; x_wconf 66' lang='grc' dir='ltr'><strong>ἤραρε.</strong></span> 
     </span>
    </p>

    <p class='ocr_par' dir='ltr' id='par_1_7' title="bbox 174 2677 1225 3952">
     <span class='ocr_line' id='line_1_17' title="bbox 278 2677 1224 2767; baseline 0.004 -15"><span class='ocrx_word' id='word_1_98' title='bbox 278 2677 402 2767; x_wconf 78' lang='lat' dir='ltr'>Quare</span> <span class='ocrx_word' id='word_1_99' title='bbox 439 2704 522 2752; x_wconf 91' lang='lat' dir='ltr'>curn</span> <span class='ocrx_word' id='word_1_100' title='bbox 558 2677 745 2752; x_wconf 87' lang='lat' dir='ltr'>Homerus</span> <span class='ocrx_word' id='word_1_101' title='bbox 779 2679 891 2754; x_wconf 90' lang='lat' dir='ltr'>nobis</span> <span class='ocrx_word' id='word_1_102' title='bbox 925 2706 995 2756; x_wconf 87' lang='lat' dir='ltr'>nec</span> <span class='ocrx_word' id='word_1_103' title='bbox 1030 2682 1224 2756; x_wconf 84' lang='lat' dir='ltr'>fabulosus</span> 
     </span>
     <span class='ocr_line' id='line_1_18' title="bbox 177 2822 1224 2926; baseline 0.005 -30"><span class='ocrx_word' id='word_1_104' title='bbox 177 2823 369 2917; x_wconf 81' lang='lat' dir='ltr'>Samasas,</span> <span class='ocrx_word' id='word_1_105' title='bbox 404 2824 495 2922; x_wconf 91' lang='lat' dir='ltr'>ipsis</span> <span class='ocrx_word' id='word_1_106' title='bbox 528 2822 681 2900; x_wconf 86' lang='lat' dir='ltr'>Graecis</span> <span class='ocrx_word' id='word_1_107' title='bbox 708 2827 911 2923; x_wconf 86' lang='lat' dir='ltr'>antiquior,</span> <span class='ocrx_word' id='word_1_108' title='bbox 943 2852 1014 2900; x_wconf 89' lang='lat' dir='ltr'>nec</span> <span class='ocrx_word' id='word_1_109' title='bbox 1042 2831 1224 2926; x_wconf 86' lang='lat' dir='ltr'>composi·</span> 
     </span>
     <span class='ocr_line' id='line_1_19' title="bbox 176 2972 1225 3075; baseline 0.008 -33"><span class='ocrx_word' id='word_1_110' title='bbox 176 2981 301 3043; x_wconf 88' lang='lat' dir='ltr'>torum</span> <span class='ocrx_word' id='word_1_111' title='bbox 322 2996 530 3070; x_wconf 88' lang='lat' dir='ltr'>epouymus</span> <span class='ocrx_word' id='word_1_112' title='bbox 555 2972 760 3067; x_wconf 76' lang='lat' dir='ltr'>(„Atnherr</span> <span class='ocrx_word' id='word_1_113' title='bbox 774 2972 836 3048; x_wconf 80' lang='lat' dir='ltr'>der</span> <span class='ocrx_word' id='word_1_114' title='bbox 850 2973 1225 3075; x_wconf 73' lang='lat' dir='ltr'>Zuaommcasueqer,“</span> 
     </span>
     <span class='ocr_line' id='line_1_20' title="bbox 188 3114 1223 3221; baseline 0.011 -33"><span class='ocrx_word' id='word_1_115' title='bbox 188 3114 306 3191; x_wconf 82' lang='lat' dir='ltr'>Welclc.</span> <span class='ocrx_word' id='word_1_116' title='bbox 346 3143 380 3216; x_wconf 88' lang='lat' dir='ltr'>p.</span> <span class='ocrx_word' id='word_1_117' title='bbox 416 3118 504 3216; x_wconf 76' lang='lat'>162)</span> <span class='ocrx_word' id='word_1_118' title='bbox 545 3143 626 3194; x_wconf 89' lang='lat' dir='ltr'>esse</span> <span class='ocrx_word' id='word_1_119' title='bbox 660 3119 850 3212; x_wconf 86' lang='lat' dir='ltr'>videatur,</span> <span class='ocrx_word' id='word_1_120' title='bbox 891 3123 1099 3217; x_wconf 84' lang='lat' dir='ltr'>quaeritur,</span> <span class='ocrx_word' id='word_1_121' title='bbox 1135 3126 1223 3221; x_wconf 93' lang='lat' dir='ltr'>quid</span> 
     </span>
     <span class='ocr_line' id='line_1_21' title="bbox 175 3263 1222 3370; baseline 0.012 -35"><span class='ocrx_word' id='word_1_122' title='bbox 175 3263 328 3338; x_wconf 91' lang='lat' dir='ltr'>tandem</span> <span class='ocrx_word' id='word_1_123' title='bbox 361 3266 571 3361; x_wconf 84' lang='lat' dir='ltr'>significare</span> <span class='ocrx_word' id='word_1_124' title='bbox 604 3268 723 3366; x_wconf 88' lang='lat' dir='ltr'>possit</span> <span class='ocrx_word' id='word_1_125' title='bbox 748 3294 888 3347; x_wconf 90' lang='lat' dir='ltr'>nomen</span> <span class='ocrx_word' id='word_1_126' title='bbox 915 3270 1008 3344; x_wconf 87' lang='lat' dir='ltr'>illud</span> <span class='ocrx_word' id='word_1_127' title='bbox 1036 3273 1222 3370; x_wconf 87' lang='lat' dir='ltr'>explicatu</span> 
     </span>
     <span class='ocr_line' id='line_1_22' title="bbox 177 3407 1222 3513; baseline 0.017 -38"><span class='ocrx_word' id='word_1_128' title='bbox 177 3407 453 3500; x_wconf 86' lang='lat' dir='ltr'>difficillimum,</span> <span class='ocrx_word' id='word_1_129' title='bbox 494 3435 541 3487; x_wconf 87' lang='lat' dir='ltr'>an</span> <span class='ocrx_word' id='word_1_130' title='bbox 580 3414 677 3488; x_wconf 84' lang='lat' dir='ltr'>forte</span> <span class='ocrx_word' id='word_1_131' title='bbox 717 3414 817 3510; x_wconf 92' lang='lat' dir='ltr'>quod</span> <span class='ocrx_word' id='word_1_132' title='bbox 852 3416 952 3513; x_wconf 91' lang='lat' dir='ltr'>apud</span> <span class='ocrx_word' id='word_1_133' title='bbox 986 3413 1138 3490; x_wconf 87' lang='lat' dir='ltr'>Suidam</span> <span class='ocrx_word' id='word_1_134' title='bbox 1175 3419 1222 3493; x_wconf 92' lang='lat' dir='ltr'>de</span> 
     </span>
     <span class='ocr_line' id='line_1_23' title="bbox 175 3547 1221 3667; baseline 0.011 -37"><span class='ocrx_word' id='word_1_135' title='bbox 175 3547 342 3622; x_wconf 76' lang='lat' dir='ltr'>Homero</span> <span class='ocrx_word' id='word_1_136' title='bbox 382 3551 499 3626; x_wconf 74' lang='lat' dir='ltr'>fertur</span> <span class='ocrx_word' id='word_1_137' title='bbox 533 3555 704 3658; x_wconf 74' lang='grc' dir='ltr'>ἄγνωστος</span> <span class='ocrx_word' id='word_1_138' title='bbox 735 3574 801 3647; x_wconf 72' lang='grc' dir='ltr'><strong><em>τοῖς</em></strong></span> <span class='ocrx_word' id='word_1_139' title='bbox 826 3563 1011 3667; x_wconf 65' lang='grc' dir='ltr'><strong><em>ἀνθρώποις</em></strong></span> <span class='ocrx_word' id='word_1_140' title='bbox 1047 3564 1147 3638; x_wconf 90' lang='lat' dir='ltr'>idem</span> <span class='ocrx_word' id='word_1_141' title='bbox 1181 3567 1221 3641; x_wconf 89' lang='lat' dir='ltr'>in</span> 
     </span>
     <span class='ocr_line' id='line_1_24' title="bbox 174 3698 1220 3808; baseline 0.017 -39"><span class='ocrx_word' id='word_1_142' title='bbox 174 3722 313 3771; x_wconf 88' lang='lat' dir='ltr'>nomen</span> <span class='ocrx_word' id='word_1_143' title='bbox 342 3698 460 3774; x_wconf 87' lang='lat' dir='ltr'>cadat.</span> <span class='ocrx_word' id='word_1_144' title='bbox 514 3701 656 3778; x_wconf 89' lang='lat' dir='ltr'>Verum</span> <span class='ocrx_word' id='word_1_145' title='bbox 682 3705 783 3780; x_wconf 89' lang='lat' dir='ltr'>haud</span> <span class='ocrx_word' id='word_1_146' title='bbox 809 3709 934 3808; x_wconf 90' lang='lat' dir='ltr'>inepte</span> <span class='ocrx_word' id='word_1_147' title='bbox 960 3710 1220 3788; x_wconf 82' lang='lat' dir='ltr'>Mflllenhoffio</span> 
     </span>
     <span class='ocr_line' id='line_1_25' title="bbox 174 3840 1221 3952; baseline 0.022 -41"><span class='ocrx_word' id='word_1_148' title='bbox 174 3840 211 3912; x_wconf 92' lang='lat' dir='ltr'>in</span> <span class='ocrx_word' id='word_1_149' title='bbox 247 3855 412 3918; x_wconf 87' lang='lat' dir='ltr'>mentem</span> <span class='ocrx_word' id='word_1_150' title='bbox 445 3850 594 3924; x_wconf 88' lang='lat' dir='ltr'>venisse</span> <span class='ocrx_word' id='word_1_151' title='bbox 626 3851 775 3928; x_wconf 88' lang='lat' dir='ltr'>videtur</span> <span class='ocrx_word' id='word_1_152' title='bbox 802 3854 851 3952; x_wconf 83' lang='lat' dir='ltr'>(p.</span> <span class='ocrx_word' id='word_1_153' title='bbox 881 3857 963 3952; x_wconf 79' lang='grc'>71),</span> <span class='ocrx_word' id='word_1_154' title='bbox 995 3859 1221 3934; x_wconf 89' lang='lat' dir='ltr'>vocabulum</span> 
     </span>
    </p>
   </div>
   <div class='ocr_carea' id='block_1_7' title="bbox 169 3988 1220 4104">
    <p class='ocr_par' dir='ltr' id='par_1_8' title="bbox 169 3988 1220 4104">
     <span class='ocr_line' id='line_1_26' title="bbox 169 3988 1220 4104; baseline 0.017 -40"><span class='ocrx_word' id='word_1_155' title='bbox 169 3988 313 4096; x_wconf 62' lang='grc' dir='ltr'><em>Ὅμηρος</em></span> <span class='ocrx_word' id='word_1_156' title='bbox 352 3992 471 4068; x_wconf 88' lang='lat' dir='ltr'>simile</span> <span class='ocrx_word' id='word_1_157' title='bbox 508 3997 596 4096; x_wconf 90' lang='lat' dir='ltr'>quid</span> <span class='ocrx_word' id='word_1_158' title='bbox 631 4025 785 4076; x_wconf 87' lang='lat' dir='ltr'>sonasse</span> <span class='ocrx_word' id='word_1_159' title='bbox 819 4015 929 4102; x_wconf 89' lang='lat' dir='ltr'>atque</span> <span class='ocrx_word' id='word_1_160' title='bbox 965 4016 1220 4104; x_wconf 81' lang='lat' dir='ltr'>germanicum</span> 
     </span>
    </p>
   </div>
   <div class='ocr_carea' id='block_1_8' title="bbox 0 0 1462 4980">
    <p class='ocr_par' dir='ltr' id='par_1_9' title="bbox 0 0 1462 4980">
     <span class='ocr_line' id='line_1_27' title="bbox 0 0 1462 4980; baseline 0 2"><span class='ocrx_word' id='word_1_161' title='bbox 0 0 1462 4980; x_wconf 95' lang='lat' dir='ltr'> </span> 
     </span>
    </p>
   </div>
  </div>
 </body>
</html>
