2916 4980
745 359 769 429 6

234 582 407 680 exempla
433 608 454 654 a
482 581 605 655 Pottio
633 589 895 680 praetermissa
922 603 1025 662 sunt:
1064 596 1218 699 κραιτνός
1244 607 1282 666 et

233 727 417 824 adjectiva
442 729 480 802 in
507 773 554 784 -·-
581 759 661 837 ηςος.
696 730 805 805 Prius
827 734 1007 832 aBoppio
1028 739 1178 833 quidem
1195 767 1278 812 cum

233 875 414 948 senscrito
447 877 664 974 kshipras
699 923 748 934 —
780 881 880 976 quod
915 883 1074 955 celerem
1110 886 1281 983 designat

231 1059 282 1072 --
308 1033 564 1118 comparatum
591 1035 657 1097 cst.
708 1025 851 1098 Verum
879 1053 963 1100 curn
990 1028 1088 1126 apud
1115 1029 1281 1104 Graecos

233 1179 357 1242 exstet
393 1173 683 1278 καςπ-άλιμο-ς,
725 1173 997 1270 significatione
1038 1203 1060 1248 a
1097 1180 1281 1284 centuri-c

232 1343 308 1388 non
335 1317 491 1390 multum
520 1318 673 1412 distans,
701 1333 738 1392 ct
765 1322 976 1427 agaza-dnn,
1004 1323 1105 1419 quod
1130 1324 1280 1420 proprie

231 1462 453 1562 vertiginem
476 1465 657 1563 designat,
684 1467 833 1564 linguae
860 1493 1016 1564 graecae
1042 1469 1150 1540 radix
1177 1501 1282 1576 κςωπ,

231 1641 324 1718 aa&
355 1611 581 1685 vindicanda
609 1625 682 1706 est,
718 1639 812 1710 quae
845 1615 978 1688 litteris
1001 1617 1101 1712 juste
1128 1618 1281 1691 mutatis

232 1759 389 1833 recurrit
421 1760 460 1832 in
491 1760 675 1857 majorum
707 1772 924 1835 nostrorum
950 1761 1178 1856 hloufan,
1210 1790 1281 1838 nec

233 1907 397 2004 separari
440 1917 566 2003 potest
610 1908 657 1980 ab
704 1932 749 1981 eo
790 1908 891 2005 quod
932 1921 989 1984 est
1026 1911 1066 1982 in
1104 1912 1282 1986 lituanica

232 2057 360 2153 lingua
391 2055 573 2152 kryp-ti
607 2055 736 2151 (verti,
762 2055 965 2153 vacillare).
1018 2056 1128 2145 Quod
1156 2071 1280 2132 autern

233 2225 406 2300 graecum
442 2197 556 2308 oimgo‘c
592 2211 629 2272 ct
661 2201 818 2274 latinum
852 2203 1007 2275 vinosus
1040 2203 1171 2276 cadem
1200 2231 1281 2276 esse

233 2347 438 2440 contendit,
468 2347 505 2420 id
532 2347 804 2444 imprudentius
830 2349 970 2421 factum
998 2361 1055 2423 est
1081 2352 1128 2424 ab
1154 2351 1280 2425 Holtz·

232 2519 383 2570 manno.
443 2489 594 2566 Dudum
632 2493 731 2565 onim
767 2505 914 2568 constat
947 2493 1065 2569 latina
1098 2495 1283 2592 adjectiva

232 2645 272 2716 in
298 2667 424 2734 ·osus,
461 2665 554 2738 quae
582 2642 784 2738 antiquitus
811 2643 849 2715 in
877 2667 1007 2718 ·onsus
1032 2643 1282 2716 terminaban-

232 2801 309 2883 tur,
337 2789 479 2888 graccis
504 2789 544 2860 in
571 2819 651 2873 -οεις
682 2789 735 2861 ita
765 2789 1012 2886 respondere,
1054 2801 1094 2862 ut
1126 2801 1282 2886 utraque

234 2934 425 3010 senseritis
451 2933 490 3006 in
517 2944 624 3007 ·vant
644 2945 918 3030 comparentur.
957 2933 1124 3007 Tertium
1146 2935 1282 3007 addere

234 3107 554 3182 supervacaneum
594 3093 674 3168 est;
715 3082 774 3154 cui
809 3083 909 3154 enirn
946 3083 1172 3180 persuadeat
1205 3085 1284 3187 ager

234 3257 319 3306 oum
353 3230 534 3306 sanserito
562 3227 717 3320 akshi,
752 3227 849 3300 oculi
875 3230 1048 3322 nomine,
1083 3241 1283 3328 cognatum

236 3403 330 3471 osse,
356 3377 414 3450 vir
441 3373 679 3448 doctissimus
706 3374 873 3448 inveniet
896 3375 1097 3448 neminem.

335 3523 465 3620 Longe
500 3521 624 3595 minus
650 3521 879 3596 incredibilis
908 3532 964 3595 est
990 3549 1035 3595 ea
1061 3522 1107 3593 de
1129 3518 1284 3592 Homeri

235 3671 388 3745 nomine
429 3667 615 3741 sententia
658 3670 764 3765 cujus
801 3666 1114 3763 locupletissimus
1154 3674 1285 3736 auctor

237 3817 380 3892 exstitit
414 3814 642 3888 Welckerus.
704 3813 740 3886 Α
775 3839 848 3910 quo
881 3824 1014 3886 notum
1047 3823 1102 3885 est
1129 3809 1285 3884 Homeri

236 3989 375 4040 nomen
403 3987 450 4035 ex
477 3965 559 4062 ὁμοῦ
594 3974 631 4036 et
665 3961 750 4071 αἴρειν
781 3961 991 4035 derivatum
1022 3963 1075 4035 ita
1108 3960 1286 4058 explicari
